%YAML 1.1
%TAG !u! tag:unity3d.com,2011:
--- !u!29 &1
SceneSettings:
  m_ObjectHideFlags: 0
  m_PVSData: 
  m_PVSObjectsArray: []
  m_PVSPortalsArray: []
  m_OcclusionBakeSettings:
    smallestOccluder: 5
    smallestHole: 0.25
    backfaceThreshold: 100
--- !u!104 &2
RenderSettings:
  m_ObjectHideFlags: 0
  serializedVersion: 7
  m_Fog: 0
  m_FogColor: {r: 0.5, g: 0.5, b: 0.5, a: 1}
  m_FogMode: 3
  m_FogDensity: 0.01
  m_LinearFogStart: 0
  m_LinearFogEnd: 300
  m_AmbientSkyColor: {r: 0.212, g: 0.227, b: 0.259, a: 1}
  m_AmbientEquatorColor: {r: 0.114, g: 0.125, b: 0.133, a: 1}
  m_AmbientGroundColor: {r: 0.047, g: 0.043, b: 0.035, a: 1}
  m_AmbientIntensity: 1
  m_AmbientMode: 0
  m_SkyboxMaterial: {fileID: 2100000, guid: a07fadb24ea940240afba3afc1a692cc, type: 2}
  m_HaloStrength: 0.5
  m_FlareStrength: 1
  m_FlareFadeSpeed: 3
  m_HaloTexture: {fileID: 0}
  m_SpotCookie: {fileID: 10001, guid: 0000000000000000e000000000000000, type: 0}
  m_DefaultReflectionMode: 0
  m_DefaultReflectionResolution: 128
  m_ReflectionBounces: 1
  m_ReflectionIntensity: 1
  m_CustomReflection: {fileID: 0}
  m_Sun: {fileID: 0}
  m_IndirectSpecularColor: {r: 0, g: 0, b: 0, a: 1}
--- !u!157 &3
LightmapSettings:
  m_ObjectHideFlags: 0
  serializedVersion: 7
  m_GIWorkflowMode: 1
  m_GISettings:
    serializedVersion: 2
    m_BounceScale: 1
    m_IndirectOutputScale: 1
    m_AlbedoBoost: 1
    m_TemporalCoherenceThreshold: 1
    m_EnvironmentLightingMode: 0
    m_EnableBakedLightmaps: 1
    m_EnableRealtimeLightmaps: 1
  m_LightmapEditorSettings:
    serializedVersion: 4
    m_Resolution: 2
    m_BakeResolution: 40
    m_TextureWidth: 1024
    m_TextureHeight: 1024
    m_AO: 0
    m_AOMaxDistance: 1
    m_CompAOExponent: 1
    m_CompAOExponentDirect: 0
    m_Padding: 2
    m_LightmapParameters: {fileID: 0}
    m_LightmapsBakeMode: 1
    m_TextureCompression: 1
    m_DirectLightInLightProbes: 1
    m_FinalGather: 0
    m_FinalGatherFiltering: 1
    m_FinalGatherRayCount: 256
    m_ReflectionCompression: 2
  m_LightingDataAsset: {fileID: 0}
  m_RuntimeCPUUsage: 25
--- !u!196 &4
NavMeshSettings:
  serializedVersion: 2
  m_ObjectHideFlags: 0
  m_BuildSettings:
    serializedVersion: 2
    agentRadius: 0.5
    agentHeight: 2
    agentSlope: 45
    agentClimb: 0.4
    ledgeDropHeight: 0
    maxJumpAcrossDistance: 0
    accuratePlacement: 0
    minRegionArea: 2
    cellSize: 0.16666667
    manualCellSize: 0
  m_NavMeshData: {fileID: 0}
--- !u!1001 &43404741
Prefab:
  m_ObjectHideFlags: 0
  serializedVersion: 2
  m_Modification:
    m_TransformParent: {fileID: 0}
    m_Modifications:
    - target: {fileID: 4000012092313660, guid: 18fc9ee94c63dbc478c3cd68aafae026, type: 2}
      propertyPath: m_LocalPosition.x
      value: 14.37
      objectReference: {fileID: 0}
    - target: {fileID: 4000012092313660, guid: 18fc9ee94c63dbc478c3cd68aafae026, type: 2}
      propertyPath: m_LocalPosition.y
      value: 6.54
      objectReference: {fileID: 0}
    - target: {fileID: 4000012092313660, guid: 18fc9ee94c63dbc478c3cd68aafae026, type: 2}
      propertyPath: m_LocalPosition.z
      value: -12.49
      objectReference: {fileID: 0}
    - target: {fileID: 4000012092313660, guid: 18fc9ee94c63dbc478c3cd68aafae026, type: 2}
      propertyPath: m_LocalRotation.x
      value: 0
      objectReference: {fileID: 0}
    - target: {fileID: 4000012092313660, guid: 18fc9ee94c63dbc478c3cd68aafae026, type: 2}
      propertyPath: m_LocalRotation.y
      value: -0
      objectReference: {fileID: 0}
    - target: {fileID: 4000012092313660, guid: 18fc9ee94c63dbc478c3cd68aafae026, type: 2}
      propertyPath: m_LocalRotation.z
      value: -0
      objectReference: {fileID: 0}
    - target: {fileID: 4000012092313660, guid: 18fc9ee94c63dbc478c3cd68aafae026, type: 2}
      propertyPath: m_LocalRotation.w
      value: 1
      objectReference: {fileID: 0}
    - target: {fileID: 4000012092313660, guid: 18fc9ee94c63dbc478c3cd68aafae026, type: 2}
      propertyPath: m_RootOrder
      value: 25
      objectReference: {fileID: 0}
    - target: {fileID: 1000010974683320, guid: 18fc9ee94c63dbc478c3cd68aafae026, type: 2}
      propertyPath: m_Name
      value: Triangle (4)
      objectReference: {fileID: 0}
    m_RemovedComponents: []
  m_ParentPrefab: {fileID: 100100000, guid: 18fc9ee94c63dbc478c3cd68aafae026, type: 2}
  m_IsPrefabParent: 0
--- !u!1 &72378551 stripped
GameObject:
  m_PrefabParentObject: {fileID: 1000010974683320, guid: 18fc9ee94c63dbc478c3cd68aafae026,
    type: 2}
  m_PrefabInternal: {fileID: 103617211}
--- !u!114 &72378552
MonoBehaviour:
  m_ObjectHideFlags: 0
  m_PrefabParentObject: {fileID: 0}
  m_PrefabInternal: {fileID: 0}
  m_GameObject: {fileID: 72378551}
  m_Enabled: 1
  m_EditorHideFlags: 0
  m_Script: {fileID: 11500000, guid: 2d2e91af356914a33ae0edffd4f92113, type: 3}
  m_Name: 
  m_EditorClassIdentifier: 
  platform: {fileID: 1000012799369498, guid: 41832ac3269722540ba92262d4687f41, type: 2}
--- !u!65 &72378553
BoxCollider:
  m_ObjectHideFlags: 0
  m_PrefabParentObject: {fileID: 0}
  m_PrefabInternal: {fileID: 0}
  m_GameObject: {fileID: 72378551}
  m_Material: {fileID: 0}
  m_IsTrigger: 1
  m_Enabled: 1
  serializedVersion: 2
  m_Size: {x: 2.241006, y: 2.1581824, z: 2.0942712}
  m_Center: {x: 0.028274596, y: 1.0416931, z: -0.04904902}
--- !u!1001 &103617211
Prefab:
  m_ObjectHideFlags: 0
  serializedVersion: 2
  m_Modification:
    m_TransformParent: {fileID: 0}
    m_Modifications:
    - target: {fileID: 4000012092313660, guid: 18fc9ee94c63dbc478c3cd68aafae026, type: 2}
      propertyPath: m_LocalPosition.x
      value: -9.63
      objectReference: {fileID: 0}
    - target: {fileID: 4000012092313660, guid: 18fc9ee94c63dbc478c3cd68aafae026, type: 2}
      propertyPath: m_LocalPosition.y
      value: 12.88
      objectReference: {fileID: 0}
    - target: {fileID: 4000012092313660, guid: 18fc9ee94c63dbc478c3cd68aafae026, type: 2}
      propertyPath: m_LocalPosition.z
      value: 10.77
      objectReference: {fileID: 0}
    - target: {fileID: 4000012092313660, guid: 18fc9ee94c63dbc478c3cd68aafae026, type: 2}
      propertyPath: m_LocalRotation.x
      value: 0
      objectReference: {fileID: 0}
    - target: {fileID: 4000012092313660, guid: 18fc9ee94c63dbc478c3cd68aafae026, type: 2}
      propertyPath: m_LocalRotation.y
      value: -0
      objectReference: {fileID: 0}
    - target: {fileID: 4000012092313660, guid: 18fc9ee94c63dbc478c3cd68aafae026, type: 2}
      propertyPath: m_LocalRotation.z
      value: -0
      objectReference: {fileID: 0}
    - target: {fileID: 4000012092313660, guid: 18fc9ee94c63dbc478c3cd68aafae026, type: 2}
      propertyPath: m_LocalRotation.w
      value: 1
      objectReference: {fileID: 0}
    - target: {fileID: 4000012092313660, guid: 18fc9ee94c63dbc478c3cd68aafae026, type: 2}
      propertyPath: m_RootOrder
      value: 23
      objectReference: {fileID: 0}
    - target: {fileID: 1000010974683320, guid: 18fc9ee94c63dbc478c3cd68aafae026, type: 2}
      propertyPath: m_Name
      value: Triangle (2)
      objectReference: {fileID: 0}
    m_RemovedComponents: []
  m_ParentPrefab: {fileID: 100100000, guid: 18fc9ee94c63dbc478c3cd68aafae026, type: 2}
  m_IsPrefabParent: 0
--- !u!1001 &153846999
Prefab:
  m_ObjectHideFlags: 0
  serializedVersion: 2
  m_Modification:
    m_TransformParent: {fileID: 0}
    m_Modifications:
    - target: {fileID: 4000013840482514, guid: 151e057050f47244e83092151f6f292f, type: 2}
      propertyPath: m_LocalPosition.x
      value: -7.6
      objectReference: {fileID: 0}
    - target: {fileID: 4000013840482514, guid: 151e057050f47244e83092151f6f292f, type: 2}
      propertyPath: m_LocalPosition.y
      value: -4.9
      objectReference: {fileID: 0}
    - target: {fileID: 4000013840482514, guid: 151e057050f47244e83092151f6f292f, type: 2}
      propertyPath: m_LocalPosition.z
      value: 38.5
      objectReference: {fileID: 0}
    - target: {fileID: 4000013840482514, guid: 151e057050f47244e83092151f6f292f, type: 2}
      propertyPath: m_LocalRotation.x
      value: -0.46888536
      objectReference: {fileID: 0}
    - target: {fileID: 4000013840482514, guid: 151e057050f47244e83092151f6f292f, type: 2}
      propertyPath: m_LocalRotation.y
      value: 0.72812796
      objectReference: {fileID: 0}
    - target: {fileID: 4000013840482514, guid: 151e057050f47244e83092151f6f292f, type: 2}
      propertyPath: m_LocalRotation.z
      value: -0.36351132
      objectReference: {fileID: 0}
    - target: {fileID: 4000013840482514, guid: 151e057050f47244e83092151f6f292f, type: 2}
      propertyPath: m_LocalRotation.w
      value: 0.3432722
      objectReference: {fileID: 0}
    - target: {fileID: 4000013840482514, guid: 151e057050f47244e83092151f6f292f, type: 2}
      propertyPath: m_RootOrder
      value: 20
      objectReference: {fileID: 0}
    - target: {fileID: 4000013840482514, guid: 151e057050f47244e83092151f6f292f, type: 2}
      propertyPath: m_LocalScale.x
      value: 5.0479684
      objectReference: {fileID: 0}
    - target: {fileID: 4000013840482514, guid: 151e057050f47244e83092151f6f292f, type: 2}
      propertyPath: m_LocalScale.y
      value: 5.047969
      objectReference: {fileID: 0}
    - target: {fileID: 4000013840482514, guid: 151e057050f47244e83092151f6f292f, type: 2}
      propertyPath: m_LocalScale.z
      value: 5.047969
      objectReference: {fileID: 0}
    - target: {fileID: 1000010862464762, guid: 151e057050f47244e83092151f6f292f, type: 2}
      propertyPath: m_Name
      value: FreeWorld (2)
      objectReference: {fileID: 0}
    - target: {fileID: 4000013840482514, guid: 151e057050f47244e83092151f6f292f, type: 2}
      propertyPath: m_LocalEulerAnglesHint.x
      value: 11.917001
      objectReference: {fileID: 0}
    - target: {fileID: 4000013840482514, guid: 151e057050f47244e83092151f6f292f, type: 2}
      propertyPath: m_LocalEulerAnglesHint.y
      value: 120.78901
      objectReference: {fileID: 0}
    - target: {fileID: 4000013840482514, guid: 151e057050f47244e83092151f6f292f, type: 2}
      propertyPath: m_LocalEulerAnglesHint.z
      value: -72.693
      objectReference: {fileID: 0}
    m_RemovedComponents: []
  m_ParentPrefab: {fileID: 100100000, guid: 151e057050f47244e83092151f6f292f, type: 2}
  m_IsPrefabParent: 0
--- !u!1 &195971135
GameObject:
  m_ObjectHideFlags: 0
  m_PrefabParentObject: {fileID: 0}
  m_PrefabInternal: {fileID: 0}
  serializedVersion: 4
  m_Component:
  - 4: {fileID: 195971136}
  - 33: {fileID: 195971139}
  - 64: {fileID: 195971138}
  - 23: {fileID: 195971137}
  m_Layer: 0
  m_Name: Quad
  m_TagString: Untagged
  m_Icon: {fileID: 0}
  m_NavMeshLayer: 0
  m_StaticEditorFlags: 0
  m_IsActive: 0
--- !u!4 &195971136
Transform:
  m_ObjectHideFlags: 0
  m_PrefabParentObject: {fileID: 0}
  m_PrefabInternal: {fileID: 0}
  m_GameObject: {fileID: 195971135}
  m_LocalRotation: {x: -0, y: -0.7071068, z: -0, w: 0.7071068}
  m_LocalPosition: {x: -2.05, y: 1.724, z: 0.09}
  m_LocalScale: {x: 29.929714, y: 29.929703, z: 29.929724}
  m_LocalEulerAnglesHint: {x: 0, y: -90, z: 0}
  m_Children: []
  m_Father: {fileID: 0}
  m_RootOrder: 8
--- !u!23 &195971137
MeshRenderer:
  m_ObjectHideFlags: 0
  m_PrefabParentObject: {fileID: 0}
  m_PrefabInternal: {fileID: 0}
  m_GameObject: {fileID: 195971135}
  m_Enabled: 1
  m_CastShadows: 1
  m_ReceiveShadows: 1
  m_MotionVectors: 1
  m_LightProbeUsage: 1
  m_ReflectionProbeUsage: 1
  m_Materials:
  - {fileID: 2100000, guid: b9ae0b155329e6444b4b40bb6e054f5a, type: 2}
  m_SubsetIndices: 
  m_StaticBatchRoot: {fileID: 0}
  m_ProbeAnchor: {fileID: 0}
  m_LightProbeVolumeOverride: {fileID: 0}
  m_ScaleInLightmap: 1
  m_PreserveUVs: 1
  m_IgnoreNormalsForChartDetection: 0
  m_ImportantGI: 0
  m_SelectedWireframeHidden: 0
  m_MinimumChartSize: 4
  m_AutoUVMaxDistance: 0.5
  m_AutoUVMaxAngle: 89
  m_LightmapParameters: {fileID: 0}
  m_SortingLayerID: 0
  m_SortingOrder: 0
--- !u!64 &195971138
MeshCollider:
  m_ObjectHideFlags: 0
  m_PrefabParentObject: {fileID: 0}
  m_PrefabInternal: {fileID: 0}
  m_GameObject: {fileID: 195971135}
  m_Material: {fileID: 0}
  m_IsTrigger: 0
  m_Enabled: 1
  serializedVersion: 2
  m_Convex: 0
  m_Mesh: {fileID: 10210, guid: 0000000000000000e000000000000000, type: 0}
--- !u!33 &195971139
MeshFilter:
  m_ObjectHideFlags: 0
  m_PrefabParentObject: {fileID: 0}
  m_PrefabInternal: {fileID: 0}
  m_GameObject: {fileID: 195971135}
  m_Mesh: {fileID: 10210, guid: 0000000000000000e000000000000000, type: 0}
--- !u!1001 &216713610
Prefab:
  m_ObjectHideFlags: 0
  serializedVersion: 2
  m_Modification:
    m_TransformParent: {fileID: 0}
    m_Modifications:
    - target: {fileID: 4000012092313660, guid: 18fc9ee94c63dbc478c3cd68aafae026, type: 2}
      propertyPath: m_LocalPosition.x
      value: -7.919574
      objectReference: {fileID: 0}
    - target: {fileID: 4000012092313660, guid: 18fc9ee94c63dbc478c3cd68aafae026, type: 2}
      propertyPath: m_LocalPosition.y
      value: 7.6849155
      objectReference: {fileID: 0}
    - target: {fileID: 4000012092313660, guid: 18fc9ee94c63dbc478c3cd68aafae026, type: 2}
      propertyPath: m_LocalPosition.z
      value: 5.0892572
      objectReference: {fileID: 0}
    - target: {fileID: 4000012092313660, guid: 18fc9ee94c63dbc478c3cd68aafae026, type: 2}
      propertyPath: m_LocalRotation.x
      value: 0
      objectReference: {fileID: 0}
    - target: {fileID: 4000012092313660, guid: 18fc9ee94c63dbc478c3cd68aafae026, type: 2}
      propertyPath: m_LocalRotation.y
      value: -0
      objectReference: {fileID: 0}
    - target: {fileID: 4000012092313660, guid: 18fc9ee94c63dbc478c3cd68aafae026, type: 2}
      propertyPath: m_LocalRotation.z
      value: -0
      objectReference: {fileID: 0}
    - target: {fileID: 4000012092313660, guid: 18fc9ee94c63dbc478c3cd68aafae026, type: 2}
      propertyPath: m_LocalRotation.w
      value: 1
      objectReference: {fileID: 0}
    - target: {fileID: 4000012092313660, guid: 18fc9ee94c63dbc478c3cd68aafae026, type: 2}
      propertyPath: m_RootOrder
      value: 1
      objectReference: {fileID: 0}
    - target: {fileID: 1000010974683320, guid: 18fc9ee94c63dbc478c3cd68aafae026, type: 2}
      propertyPath: m_Name
      value: Triangle (14)
      objectReference: {fileID: 0}
    m_RemovedComponents: []
  m_ParentPrefab: {fileID: 100100000, guid: 18fc9ee94c63dbc478c3cd68aafae026, type: 2}
  m_IsPrefabParent: 0
--- !u!1001 &251467267
Prefab:
  m_ObjectHideFlags: 0
  serializedVersion: 2
  m_Modification:
    m_TransformParent: {fileID: 0}
    m_Modifications:
    - target: {fileID: 4000012092313660, guid: 18fc9ee94c63dbc478c3cd68aafae026, type: 2}
      propertyPath: m_LocalPosition.x
      value: -26.779385
      objectReference: {fileID: 0}
    - target: {fileID: 4000012092313660, guid: 18fc9ee94c63dbc478c3cd68aafae026, type: 2}
      propertyPath: m_LocalPosition.y
      value: 2.7139988
      objectReference: {fileID: 0}
    - target: {fileID: 4000012092313660, guid: 18fc9ee94c63dbc478c3cd68aafae026, type: 2}
      propertyPath: m_LocalPosition.z
      value: 0.049333096
      objectReference: {fileID: 0}
    - target: {fileID: 4000012092313660, guid: 18fc9ee94c63dbc478c3cd68aafae026, type: 2}
      propertyPath: m_LocalRotation.x
      value: 0
      objectReference: {fileID: 0}
    - target: {fileID: 4000012092313660, guid: 18fc9ee94c63dbc478c3cd68aafae026, type: 2}
      propertyPath: m_LocalRotation.y
      value: -0
      objectReference: {fileID: 0}
    - target: {fileID: 4000012092313660, guid: 18fc9ee94c63dbc478c3cd68aafae026, type: 2}
      propertyPath: m_LocalRotation.z
      value: -0
      objectReference: {fileID: 0}
    - target: {fileID: 4000012092313660, guid: 18fc9ee94c63dbc478c3cd68aafae026, type: 2}
      propertyPath: m_LocalRotation.w
      value: 1
      objectReference: {fileID: 0}
    - target: {fileID: 4000012092313660, guid: 18fc9ee94c63dbc478c3cd68aafae026, type: 2}
      propertyPath: m_RootOrder
      value: 4
      objectReference: {fileID: 0}
    - target: {fileID: 1000010974683320, guid: 18fc9ee94c63dbc478c3cd68aafae026, type: 2}
      propertyPath: m_Name
      value: Triangle (11)
      objectReference: {fileID: 0}
    m_RemovedComponents: []
  m_ParentPrefab: {fileID: 100100000, guid: 18fc9ee94c63dbc478c3cd68aafae026, type: 2}
  m_IsPrefabParent: 0
--- !u!1 &259371351 stripped
GameObject:
  m_PrefabParentObject: {fileID: 1000010974683320, guid: 18fc9ee94c63dbc478c3cd68aafae026,
    type: 2}
  m_PrefabInternal: {fileID: 1529996578}
--- !u!114 &259371352
MonoBehaviour:
  m_ObjectHideFlags: 0
  m_PrefabParentObject: {fileID: 0}
  m_PrefabInternal: {fileID: 0}
  m_GameObject: {fileID: 259371351}
  m_Enabled: 1
  m_EditorHideFlags: 0
  m_Script: {fileID: 11500000, guid: 2d2e91af356914a33ae0edffd4f92113, type: 3}
  m_Name: 
  m_EditorClassIdentifier: 
  platform: {fileID: 1000012799369498, guid: 41832ac3269722540ba92262d4687f41, type: 2}
--- !u!65 &259371353
BoxCollider:
  m_ObjectHideFlags: 0
  m_PrefabParentObject: {fileID: 0}
  m_PrefabInternal: {fileID: 0}
  m_GameObject: {fileID: 259371351}
  m_Material: {fileID: 0}
  m_IsTrigger: 1
  m_Enabled: 1
  serializedVersion: 2
  m_Size: {x: 2.241006, y: 2.1581824, z: 2.0942712}
  m_Center: {x: 0.028274596, y: 1.0416931, z: -0.04904902}
--- !u!1001 &265877912
Prefab:
  m_ObjectHideFlags: 0
  serializedVersion: 2
  m_Modification:
    m_TransformParent: {fileID: 0}
    m_Modifications:
    - target: {fileID: 4000012092313660, guid: 18fc9ee94c63dbc478c3cd68aafae026, type: 2}
      propertyPath: m_LocalPosition.x
      value: -1.3222036
      objectReference: {fileID: 0}
    - target: {fileID: 4000012092313660, guid: 18fc9ee94c63dbc478c3cd68aafae026, type: 2}
      propertyPath: m_LocalPosition.y
      value: 2.1864033
      objectReference: {fileID: 0}
    - target: {fileID: 4000012092313660, guid: 18fc9ee94c63dbc478c3cd68aafae026, type: 2}
      propertyPath: m_LocalPosition.z
      value: -8.538353
      objectReference: {fileID: 0}
    - target: {fileID: 4000012092313660, guid: 18fc9ee94c63dbc478c3cd68aafae026, type: 2}
      propertyPath: m_LocalRotation.x
      value: 0
      objectReference: {fileID: 0}
    - target: {fileID: 4000012092313660, guid: 18fc9ee94c63dbc478c3cd68aafae026, type: 2}
      propertyPath: m_LocalRotation.y
      value: -0
      objectReference: {fileID: 0}
    - target: {fileID: 4000012092313660, guid: 18fc9ee94c63dbc478c3cd68aafae026, type: 2}
      propertyPath: m_LocalRotation.z
      value: -0
      objectReference: {fileID: 0}
    - target: {fileID: 4000012092313660, guid: 18fc9ee94c63dbc478c3cd68aafae026, type: 2}
      propertyPath: m_LocalRotation.w
      value: 1
      objectReference: {fileID: 0}
    - target: {fileID: 4000012092313660, guid: 18fc9ee94c63dbc478c3cd68aafae026, type: 2}
      propertyPath: m_RootOrder
      value: 2
      objectReference: {fileID: 0}
    - target: {fileID: 1000010974683320, guid: 18fc9ee94c63dbc478c3cd68aafae026, type: 2}
      propertyPath: m_Name
      value: Triangle (13)
      objectReference: {fileID: 0}
    m_RemovedComponents: []
  m_ParentPrefab: {fileID: 100100000, guid: 18fc9ee94c63dbc478c3cd68aafae026, type: 2}
  m_IsPrefabParent: 0
--- !u!1 &268469345 stripped
GameObject:
  m_PrefabParentObject: {fileID: 1000010974683320, guid: 18fc9ee94c63dbc478c3cd68aafae026,
    type: 2}
  m_PrefabInternal: {fileID: 43404741}
--- !u!114 &268469346
MonoBehaviour:
  m_ObjectHideFlags: 0
  m_PrefabParentObject: {fileID: 0}
  m_PrefabInternal: {fileID: 0}
  m_GameObject: {fileID: 268469345}
  m_Enabled: 1
  m_EditorHideFlags: 0
  m_Script: {fileID: 11500000, guid: 2d2e91af356914a33ae0edffd4f92113, type: 3}
  m_Name: 
  m_EditorClassIdentifier: 
  platform: {fileID: 1000012799369498, guid: 41832ac3269722540ba92262d4687f41, type: 2}
--- !u!65 &268469347
BoxCollider:
  m_ObjectHideFlags: 0
  m_PrefabParentObject: {fileID: 0}
  m_PrefabInternal: {fileID: 0}
  m_GameObject: {fileID: 268469345}
  m_Material: {fileID: 0}
  m_IsTrigger: 1
  m_Enabled: 1
  serializedVersion: 2
  m_Size: {x: 2.241006, y: 2.1581824, z: 2.0942712}
  m_Center: {x: 0.028274596, y: 1.0416931, z: -0.04904902}
--- !u!1 &299848261 stripped
GameObject:
  m_PrefabParentObject: {fileID: 1000011516998412, guid: b9d86ae595e971646bde9eb95cb5796a,
    type: 2}
  m_PrefabInternal: {fileID: 693451977}
--- !u!114 &299848272
MonoBehaviour:
  m_ObjectHideFlags: 0
  m_PrefabParentObject: {fileID: 0}
  m_PrefabInternal: {fileID: 0}
  m_GameObject: {fileID: 299848261}
  m_Enabled: 1
  m_EditorHideFlags: 0
  m_Script: {fileID: 11500000, guid: 65eb64f0f2fd6d64faddbcf5d7d3bdbb, type: 3}
  m_Name: 
  m_EditorClassIdentifier: 
  hideControllerOnUse: 0
  hideControllerDelay: 0
--- !u!43 &325497337
Mesh:
  m_ObjectHideFlags: 0
  m_PrefabParentObject: {fileID: 0}
  m_PrefabInternal: {fileID: 0}
  m_Name: 
  serializedVersion: 8
  m_SubMeshes:
  - serializedVersion: 2
    firstByte: 0
    indexCount: 24
    topology: 0
    firstVertex: 0
    vertexCount: 8
    localAABB:
      m_Center: {x: 0, y: 0.01, z: 0}
      m_Extent: {x: 1.55, y: 0, z: 1.55}
  m_Shapes:
    vertices: []
    shapes: []
    channels: []
    fullWeights: []
  m_BindPose: []
  m_BoneNameHashes: 
  m_RootBoneNameHash: 0
  m_MeshCompression: 0
  m_IsReadable: 1
  m_KeepVertices: 1
  m_KeepIndices: 1
  m_IndexBuffer: 000004000100010004000500010005000200020005000600020006000300030006000700030007000000000007000400
  m_Skin: []
  m_VertexData:
    m_CurrentChannels: 13
    m_VertexCount: 8
    m_Channels:
    - stream: 0
      offset: 0
      format: 0
      dimension: 3
    - stream: 0
      offset: 0
      format: 0
      dimension: 0
    - stream: 0
      offset: 12
      format: 0
      dimension: 4
    - stream: 0
      offset: 28
      format: 0
      dimension: 2
    - stream: 0
      offset: 0
      format: 0
      dimension: 0
    - stream: 0
      offset: 0
      format: 0
      dimension: 0
    - stream: 0
      offset: 0
      format: 0
      dimension: 0
    - stream: 0
      offset: 0
      format: 0
      dimension: 0
    m_DataSize: 288
    _typelessdata: ccccac3f0ad7233cccccacbf000000000000803f0000803f0000803f0000000000000000ccccacbf0ad7233cccccacbf000000000000803f0000803f0000803f0000803f00000000ccccacbf0ad7233cccccac3f000000000000803f0000803f0000803f0000000000000000ccccac3f0ad7233cccccac3f000000000000803f0000803f0000803f0000803f000000006666c63f0ad7233c6666c6bf000000000000803f0000803f00000000000000000000803f6666c6bf0ad7233c6666c6bf000000000000803f0000803f000000000000803f0000803f6666c6bf0ad7233c6666c63f000000000000803f0000803f00000000000000000000803f6666c63f0ad7233c6666c63f000000000000803f0000803f000000000000803f0000803f
  m_CompressedMesh:
    m_Vertices:
      m_NumItems: 0
      m_Range: 0
      m_Start: 0
      m_Data: 
      m_BitSize: 0
    m_UV:
      m_NumItems: 0
      m_Range: 0
      m_Start: 0
      m_Data: 
      m_BitSize: 0
    m_Normals:
      m_NumItems: 0
      m_Range: 0
      m_Start: 0
      m_Data: 
      m_BitSize: 0
    m_Tangents:
      m_NumItems: 0
      m_Range: 0
      m_Start: 0
      m_Data: 
      m_BitSize: 0
    m_Weights:
      m_NumItems: 0
      m_Data: 
      m_BitSize: 0
    m_NormalSigns:
      m_NumItems: 0
      m_Data: 
      m_BitSize: 0
    m_TangentSigns:
      m_NumItems: 0
      m_Data: 
      m_BitSize: 0
    m_FloatColors:
      m_NumItems: 0
      m_Range: 0
      m_Start: 0
      m_Data: 
      m_BitSize: 0
    m_BoneIndices:
      m_NumItems: 0
      m_Data: 
      m_BitSize: 0
    m_Triangles:
      m_NumItems: 0
      m_Data: 
      m_BitSize: 0
    m_UVInfo: 0
  m_LocalAABB:
    m_Center: {x: 0, y: 0.01, z: 0}
    m_Extent: {x: 1.55, y: 0, z: 1.55}
  m_MeshUsageFlags: 0
  m_BakedConvexCollisionMesh: 
  m_BakedTriangleCollisionMesh: 
  m_MeshOptimized: 0
--- !u!1 &331453819 stripped
GameObject:
  m_PrefabParentObject: {fileID: 1000010974683320, guid: 18fc9ee94c63dbc478c3cd68aafae026,
    type: 2}
  m_PrefabInternal: {fileID: 923651683}
--- !u!114 &331453820
MonoBehaviour:
  m_ObjectHideFlags: 0
  m_PrefabParentObject: {fileID: 0}
  m_PrefabInternal: {fileID: 0}
  m_GameObject: {fileID: 331453819}
  m_Enabled: 1
  m_EditorHideFlags: 0
  m_Script: {fileID: 11500000, guid: 2d2e91af356914a33ae0edffd4f92113, type: 3}
  m_Name: 
  m_EditorClassIdentifier: 
  platform: {fileID: 1000012799369498, guid: 41832ac3269722540ba92262d4687f41, type: 2}
--- !u!65 &331453821
BoxCollider:
  m_ObjectHideFlags: 0
  m_PrefabParentObject: {fileID: 0}
  m_PrefabInternal: {fileID: 0}
  m_GameObject: {fileID: 331453819}
  m_Material: {fileID: 0}
  m_IsTrigger: 1
  m_Enabled: 1
  serializedVersion: 2
  m_Size: {x: 2.241006, y: 2.1581824, z: 2.0942712}
  m_Center: {x: 0.028274596, y: 1.0416931, z: -0.04904902}
--- !u!1001 &342277036
Prefab:
  m_ObjectHideFlags: 0
  serializedVersion: 2
  m_Modification:
    m_TransformParent: {fileID: 0}
    m_Modifications:
    - target: {fileID: 4000012092313660, guid: 18fc9ee94c63dbc478c3cd68aafae026, type: 2}
      propertyPath: m_LocalPosition.x
      value: -7.27343
      objectReference: {fileID: 0}
    - target: {fileID: 4000012092313660, guid: 18fc9ee94c63dbc478c3cd68aafae026, type: 2}
      propertyPath: m_LocalPosition.y
      value: 11.932662
      objectReference: {fileID: 0}
    - target: {fileID: 4000012092313660, guid: 18fc9ee94c63dbc478c3cd68aafae026, type: 2}
      propertyPath: m_LocalPosition.z
      value: -25.263912
      objectReference: {fileID: 0}
    - target: {fileID: 4000012092313660, guid: 18fc9ee94c63dbc478c3cd68aafae026, type: 2}
      propertyPath: m_LocalRotation.x
      value: 0
      objectReference: {fileID: 0}
    - target: {fileID: 4000012092313660, guid: 18fc9ee94c63dbc478c3cd68aafae026, type: 2}
      propertyPath: m_LocalRotation.y
      value: -0
      objectReference: {fileID: 0}
    - target: {fileID: 4000012092313660, guid: 18fc9ee94c63dbc478c3cd68aafae026, type: 2}
      propertyPath: m_LocalRotation.z
      value: -0
      objectReference: {fileID: 0}
    - target: {fileID: 4000012092313660, guid: 18fc9ee94c63dbc478c3cd68aafae026, type: 2}
      propertyPath: m_LocalRotation.w
      value: 1
      objectReference: {fileID: 0}
    - target: {fileID: 4000012092313660, guid: 18fc9ee94c63dbc478c3cd68aafae026, type: 2}
      propertyPath: m_RootOrder
      value: 3
      objectReference: {fileID: 0}
    - target: {fileID: 1000010974683320, guid: 18fc9ee94c63dbc478c3cd68aafae026, type: 2}
      propertyPath: m_Name
      value: Triangle (12)
      objectReference: {fileID: 0}
    m_RemovedComponents: []
  m_ParentPrefab: {fileID: 100100000, guid: 18fc9ee94c63dbc478c3cd68aafae026, type: 2}
  m_IsPrefabParent: 0
--- !u!1001 &363976402
Prefab:
  m_ObjectHideFlags: 0
  serializedVersion: 2
  m_Modification:
    m_TransformParent: {fileID: 0}
    m_Modifications:
    - target: {fileID: 4000011670984296, guid: 41832ac3269722540ba92262d4687f41, type: 2}
      propertyPath: m_LocalPosition.x
      value: 0
      objectReference: {fileID: 0}
    - target: {fileID: 4000011670984296, guid: 41832ac3269722540ba92262d4687f41, type: 2}
      propertyPath: m_LocalPosition.y
      value: 1.74
      objectReference: {fileID: 0}
    - target: {fileID: 4000011670984296, guid: 41832ac3269722540ba92262d4687f41, type: 2}
      propertyPath: m_LocalPosition.z
      value: 7.12
      objectReference: {fileID: 0}
    - target: {fileID: 4000011670984296, guid: 41832ac3269722540ba92262d4687f41, type: 2}
      propertyPath: m_LocalRotation.x
      value: 0
      objectReference: {fileID: 0}
    - target: {fileID: 4000011670984296, guid: 41832ac3269722540ba92262d4687f41, type: 2}
      propertyPath: m_LocalRotation.y
      value: 0
      objectReference: {fileID: 0}
    - target: {fileID: 4000011670984296, guid: 41832ac3269722540ba92262d4687f41, type: 2}
      propertyPath: m_LocalRotation.z
      value: 0
      objectReference: {fileID: 0}
    - target: {fileID: 4000011670984296, guid: 41832ac3269722540ba92262d4687f41, type: 2}
      propertyPath: m_LocalRotation.w
      value: 1
      objectReference: {fileID: 0}
    - target: {fileID: 4000011670984296, guid: 41832ac3269722540ba92262d4687f41, type: 2}
      propertyPath: m_RootOrder
      value: 14
      objectReference: {fileID: 0}
    - target: {fileID: 1000012799369498, guid: 41832ac3269722540ba92262d4687f41, type: 2}
      propertyPath: m_IsActive
      value: 0
      objectReference: {fileID: 0}
    m_RemovedComponents: []
  m_ParentPrefab: {fileID: 100100000, guid: 41832ac3269722540ba92262d4687f41, type: 2}
  m_IsPrefabParent: 0
--- !u!1001 &539999698
Prefab:
  m_ObjectHideFlags: 0
  serializedVersion: 2
  m_Modification:
    m_TransformParent: {fileID: 0}
    m_Modifications:
    - target: {fileID: 4000012092313660, guid: 18fc9ee94c63dbc478c3cd68aafae026, type: 2}
      propertyPath: m_LocalPosition.x
      value: -21.77
      objectReference: {fileID: 0}
    - target: {fileID: 4000012092313660, guid: 18fc9ee94c63dbc478c3cd68aafae026, type: 2}
      propertyPath: m_LocalPosition.y
      value: 21.21
      objectReference: {fileID: 0}
    - target: {fileID: 4000012092313660, guid: 18fc9ee94c63dbc478c3cd68aafae026, type: 2}
      propertyPath: m_LocalPosition.z
      value: -12.49
      objectReference: {fileID: 0}
    - target: {fileID: 4000012092313660, guid: 18fc9ee94c63dbc478c3cd68aafae026, type: 2}
      propertyPath: m_LocalRotation.x
      value: 0
      objectReference: {fileID: 0}
    - target: {fileID: 4000012092313660, guid: 18fc9ee94c63dbc478c3cd68aafae026, type: 2}
      propertyPath: m_LocalRotation.y
      value: -0
      objectReference: {fileID: 0}
    - target: {fileID: 4000012092313660, guid: 18fc9ee94c63dbc478c3cd68aafae026, type: 2}
      propertyPath: m_LocalRotation.z
      value: -0
      objectReference: {fileID: 0}
    - target: {fileID: 4000012092313660, guid: 18fc9ee94c63dbc478c3cd68aafae026, type: 2}
      propertyPath: m_LocalRotation.w
      value: 1
      objectReference: {fileID: 0}
    - target: {fileID: 4000012092313660, guid: 18fc9ee94c63dbc478c3cd68aafae026, type: 2}
      propertyPath: m_RootOrder
      value: 27
      objectReference: {fileID: 0}
    - target: {fileID: 1000010974683320, guid: 18fc9ee94c63dbc478c3cd68aafae026, type: 2}
      propertyPath: m_Name
      value: Triangle (6)
      objectReference: {fileID: 0}
    m_RemovedComponents: []
  m_ParentPrefab: {fileID: 100100000, guid: 18fc9ee94c63dbc478c3cd68aafae026, type: 2}
  m_IsPrefabParent: 0
--- !u!1001 &609066947
Prefab:
  m_ObjectHideFlags: 0
  serializedVersion: 2
  m_Modification:
    m_TransformParent: {fileID: 0}
    m_Modifications:
    - target: {fileID: 4000012373486466, guid: fc09abf7fc6efe545ad7e8c9b7eaf3fe, type: 2}
      propertyPath: m_LocalPosition.x
      value: -4.95
      objectReference: {fileID: 0}
    - target: {fileID: 4000012373486466, guid: fc09abf7fc6efe545ad7e8c9b7eaf3fe, type: 2}
      propertyPath: m_LocalPosition.y
      value: -0.621
      objectReference: {fileID: 0}
    - target: {fileID: 4000012373486466, guid: fc09abf7fc6efe545ad7e8c9b7eaf3fe, type: 2}
      propertyPath: m_LocalPosition.z
      value: 0
      objectReference: {fileID: 0}
    - target: {fileID: 4000012373486466, guid: fc09abf7fc6efe545ad7e8c9b7eaf3fe, type: 2}
      propertyPath: m_LocalRotation.x
      value: 0
      objectReference: {fileID: 0}
    - target: {fileID: 4000012373486466, guid: fc09abf7fc6efe545ad7e8c9b7eaf3fe, type: 2}
      propertyPath: m_LocalRotation.y
      value: 0
      objectReference: {fileID: 0}
    - target: {fileID: 4000012373486466, guid: fc09abf7fc6efe545ad7e8c9b7eaf3fe, type: 2}
      propertyPath: m_LocalRotation.z
      value: 0
      objectReference: {fileID: 0}
    - target: {fileID: 4000012373486466, guid: fc09abf7fc6efe545ad7e8c9b7eaf3fe, type: 2}
      propertyPath: m_LocalRotation.w
      value: 1
      objectReference: {fileID: 0}
    - target: {fileID: 4000012373486466, guid: fc09abf7fc6efe545ad7e8c9b7eaf3fe, type: 2}
      propertyPath: m_RootOrder
      value: 10
      objectReference: {fileID: 0}
    - target: {fileID: 4000012373486466, guid: fc09abf7fc6efe545ad7e8c9b7eaf3fe, type: 2}
      propertyPath: m_LocalScale.x
      value: 1.8749957
      objectReference: {fileID: 0}
    - target: {fileID: 4000012373486466, guid: fc09abf7fc6efe545ad7e8c9b7eaf3fe, type: 2}
      propertyPath: m_LocalScale.y
      value: 1.8749965
      objectReference: {fileID: 0}
    - target: {fileID: 4000012373486466, guid: fc09abf7fc6efe545ad7e8c9b7eaf3fe, type: 2}
      propertyPath: m_LocalScale.z
      value: 1.8749965
      objectReference: {fileID: 0}
    - target: {fileID: 1000010244588478, guid: fc09abf7fc6efe545ad7e8c9b7eaf3fe, type: 2}
      propertyPath: m_Name
      value: GrassPlatform (1)
      objectReference: {fileID: 0}
    m_RemovedComponents: []
  m_ParentPrefab: {fileID: 100100000, guid: fc09abf7fc6efe545ad7e8c9b7eaf3fe, type: 2}
  m_IsPrefabParent: 0
--- !u!1 &628575237 stripped
GameObject:
  m_PrefabParentObject: {fileID: 1000014260697716, guid: b9d86ae595e971646bde9eb95cb5796a,
    type: 2}
  m_PrefabInternal: {fileID: 693451977}
--- !u!114 &628575238
MonoBehaviour:
  m_ObjectHideFlags: 0
  m_PrefabParentObject: {fileID: 0}
  m_PrefabInternal: {fileID: 0}
  m_GameObject: {fileID: 628575237}
  m_Enabled: 1
  m_EditorHideFlags: 0
  m_Script: {fileID: 11500000, guid: 65eb64f0f2fd6d64faddbcf5d7d3bdbb, type: 3}
  m_Name: 
  m_EditorClassIdentifier: 
  hideControllerOnUse: 0
  hideControllerDelay: 0
--- !u!1001 &693451977
Prefab:
  m_ObjectHideFlags: 0
  serializedVersion: 2
  m_Modification:
    m_TransformParent: {fileID: 0}
    m_Modifications:
    - target: {fileID: 4000010303710336, guid: b9d86ae595e971646bde9eb95cb5796a, type: 2}
      propertyPath: m_LocalPosition.x
      value: 0
      objectReference: {fileID: 0}
    - target: {fileID: 4000010303710336, guid: b9d86ae595e971646bde9eb95cb5796a, type: 2}
      propertyPath: m_LocalPosition.y
      value: 1.087
      objectReference: {fileID: 0}
    - target: {fileID: 4000010303710336, guid: b9d86ae595e971646bde9eb95cb5796a, type: 2}
      propertyPath: m_LocalPosition.z
      value: -0.124
      objectReference: {fileID: 0}
    - target: {fileID: 4000010303710336, guid: b9d86ae595e971646bde9eb95cb5796a, type: 2}
      propertyPath: m_LocalRotation.x
      value: 0
      objectReference: {fileID: 0}
    - target: {fileID: 4000010303710336, guid: b9d86ae595e971646bde9eb95cb5796a, type: 2}
      propertyPath: m_LocalRotation.y
      value: 0
      objectReference: {fileID: 0}
    - target: {fileID: 4000010303710336, guid: b9d86ae595e971646bde9eb95cb5796a, type: 2}
      propertyPath: m_LocalRotation.z
      value: 0
      objectReference: {fileID: 0}
    - target: {fileID: 4000010303710336, guid: b9d86ae595e971646bde9eb95cb5796a, type: 2}
      propertyPath: m_LocalRotation.w
      value: 1
      objectReference: {fileID: 0}
    - target: {fileID: 4000010303710336, guid: b9d86ae595e971646bde9eb95cb5796a, type: 2}
      propertyPath: m_RootOrder
      value: 7
      objectReference: {fileID: 0}
    - target: {fileID: 33000013594771146, guid: b9d86ae595e971646bde9eb95cb5796a,
        type: 2}
      propertyPath: m_Mesh
      value: 
      objectReference: {fileID: 325497337}
    - target: {fileID: 23000012157874608, guid: b9d86ae595e971646bde9eb95cb5796a,
        type: 2}
      propertyPath: m_Materials.Array.data[0]
      value: 
      objectReference: {fileID: 1810239451}
    - target: {fileID: 54000013740427446, guid: b9d86ae595e971646bde9eb95cb5796a,
        type: 2}
      propertyPath: m_Drag
      value: 0.01
      objectReference: {fileID: 0}
    - target: {fileID: 54000013740427446, guid: b9d86ae595e971646bde9eb95cb5796a,
        type: 2}
      propertyPath: m_Mass
      value: 1
      objectReference: {fileID: 0}
    - target: {fileID: 54000013740427446, guid: b9d86ae595e971646bde9eb95cb5796a,
        type: 2}
      propertyPath: m_AngularDrag
      value: 0.01
      objectReference: {fileID: 0}
    - target: {fileID: 114000012444877100, guid: b9d86ae595e971646bde9eb95cb5796a,
        type: 2}
      propertyPath: m_Enabled
      value: 0
      objectReference: {fileID: 0}
    - target: {fileID: 114000012621755184, guid: b9d86ae595e971646bde9eb95cb5796a,
        type: 2}
      propertyPath: forceMult
      value: 50
      objectReference: {fileID: 0}
    - target: {fileID: 114000011466137626, guid: b9d86ae595e971646bde9eb95cb5796a,
        type: 2}
      propertyPath: forceMult
      value: 50
      objectReference: {fileID: 0}
    - target: {fileID: 114000012502385000, guid: b9d86ae595e971646bde9eb95cb5796a,
        type: 2}
      propertyPath: borderThickness
      value: 0.2
      objectReference: {fileID: 0}
    - target: {fileID: 114000012502385000, guid: b9d86ae595e971646bde9eb95cb5796a,
        type: 2}
      propertyPath: vertices.Array.data[4].x
      value: 1.55
      objectReference: {fileID: 0}
    - target: {fileID: 114000012502385000, guid: b9d86ae595e971646bde9eb95cb5796a,
        type: 2}
      propertyPath: vertices.Array.data[4].y
      value: 0.01
      objectReference: {fileID: 0}
    - target: {fileID: 114000012502385000, guid: b9d86ae595e971646bde9eb95cb5796a,
        type: 2}
      propertyPath: vertices.Array.data[4].z
      value: -1.55
      objectReference: {fileID: 0}
    - target: {fileID: 114000012502385000, guid: b9d86ae595e971646bde9eb95cb5796a,
        type: 2}
      propertyPath: vertices.Array.data[5].x
      value: -1.55
      objectReference: {fileID: 0}
    - target: {fileID: 114000012502385000, guid: b9d86ae595e971646bde9eb95cb5796a,
        type: 2}
      propertyPath: vertices.Array.data[5].y
      value: 0.01
      objectReference: {fileID: 0}
    - target: {fileID: 114000012502385000, guid: b9d86ae595e971646bde9eb95cb5796a,
        type: 2}
      propertyPath: vertices.Array.data[5].z
      value: -1.55
      objectReference: {fileID: 0}
    - target: {fileID: 114000012502385000, guid: b9d86ae595e971646bde9eb95cb5796a,
        type: 2}
      propertyPath: vertices.Array.data[6].x
      value: -1.55
      objectReference: {fileID: 0}
    - target: {fileID: 114000012502385000, guid: b9d86ae595e971646bde9eb95cb5796a,
        type: 2}
      propertyPath: vertices.Array.data[6].y
      value: 0.01
      objectReference: {fileID: 0}
    - target: {fileID: 114000012502385000, guid: b9d86ae595e971646bde9eb95cb5796a,
        type: 2}
      propertyPath: vertices.Array.data[6].z
      value: 1.55
      objectReference: {fileID: 0}
    - target: {fileID: 114000012502385000, guid: b9d86ae595e971646bde9eb95cb5796a,
        type: 2}
      propertyPath: vertices.Array.data[7].x
      value: 1.55
      objectReference: {fileID: 0}
    - target: {fileID: 114000012502385000, guid: b9d86ae595e971646bde9eb95cb5796a,
        type: 2}
      propertyPath: vertices.Array.data[7].y
      value: 0.01
      objectReference: {fileID: 0}
    - target: {fileID: 114000012502385000, guid: b9d86ae595e971646bde9eb95cb5796a,
        type: 2}
      propertyPath: vertices.Array.data[7].z
      value: 1.55
      objectReference: {fileID: 0}
    - target: {fileID: 4000013404377654, guid: b9d86ae595e971646bde9eb95cb5796a, type: 2}
      propertyPath: m_LocalPosition.y
      value: 0
      objectReference: {fileID: 0}
    - target: {fileID: 4000011602912504, guid: b9d86ae595e971646bde9eb95cb5796a, type: 2}
      propertyPath: m_LocalPosition.y
      value: 0
      objectReference: {fileID: 0}
    - target: {fileID: 4000011602912504, guid: b9d86ae595e971646bde9eb95cb5796a, type: 2}
      propertyPath: m_LocalRotation.x
      value: -0
      objectReference: {fileID: 0}
    - target: {fileID: 4000011602912504, guid: b9d86ae595e971646bde9eb95cb5796a, type: 2}
      propertyPath: m_LocalRotation.y
      value: -0
      objectReference: {fileID: 0}
    - target: {fileID: 4000011602912504, guid: b9d86ae595e971646bde9eb95cb5796a, type: 2}
      propertyPath: m_LocalRotation.z
      value: -0
      objectReference: {fileID: 0}
    - target: {fileID: 4000011602912504, guid: b9d86ae595e971646bde9eb95cb5796a, type: 2}
      propertyPath: m_LocalPosition.x
      value: 0
      objectReference: {fileID: 0}
    - target: {fileID: 4000011602912504, guid: b9d86ae595e971646bde9eb95cb5796a, type: 2}
      propertyPath: m_LocalPosition.z
      value: 0
      objectReference: {fileID: 0}
    - target: {fileID: 4000013404377654, guid: b9d86ae595e971646bde9eb95cb5796a, type: 2}
      propertyPath: m_LocalPosition.z
      value: 0
      objectReference: {fileID: 0}
    m_RemovedComponents: []
  m_ParentPrefab: {fileID: 100100000, guid: b9d86ae595e971646bde9eb95cb5796a, type: 2}
  m_IsPrefabParent: 0
--- !u!1001 &740544966
Prefab:
  m_ObjectHideFlags: 0
  serializedVersion: 2
  m_Modification:
    m_TransformParent: {fileID: 1172091823}
    m_Modifications:
    - target: {fileID: 400000, guid: 3a8d05115adad4f29befb7e349ebbbb6, type: 3}
      propertyPath: m_LocalPosition.x
      value: 0
      objectReference: {fileID: 0}
    - target: {fileID: 400000, guid: 3a8d05115adad4f29befb7e349ebbbb6, type: 3}
      propertyPath: m_LocalPosition.y
      value: 0
      objectReference: {fileID: 0}
    - target: {fileID: 400000, guid: 3a8d05115adad4f29befb7e349ebbbb6, type: 3}
      propertyPath: m_LocalPosition.z
      value: 0
      objectReference: {fileID: 0}
    - target: {fileID: 400000, guid: 3a8d05115adad4f29befb7e349ebbbb6, type: 3}
      propertyPath: m_LocalRotation.x
      value: -0
      objectReference: {fileID: 0}
    - target: {fileID: 400000, guid: 3a8d05115adad4f29befb7e349ebbbb6, type: 3}
      propertyPath: m_LocalRotation.y
      value: 0.53996706
      objectReference: {fileID: 0}
    - target: {fileID: 400000, guid: 3a8d05115adad4f29befb7e349ebbbb6, type: 3}
      propertyPath: m_LocalRotation.z
      value: -0
      objectReference: {fileID: 0}
    - target: {fileID: 400000, guid: 3a8d05115adad4f29befb7e349ebbbb6, type: 3}
      propertyPath: m_LocalRotation.w
      value: 0.8416862
      objectReference: {fileID: 0}
    - target: {fileID: 400000, guid: 3a8d05115adad4f29befb7e349ebbbb6, type: 3}
      propertyPath: m_RootOrder
      value: 1
      objectReference: {fileID: 0}
    - target: {fileID: 9500000, guid: 3a8d05115adad4f29befb7e349ebbbb6, type: 3}
      propertyPath: m_Controller
      value: 
      objectReference: {fileID: 9100000, guid: 88770533290585841b31fff541d65a51, type: 2}
    - target: {fileID: 400000, guid: 3a8d05115adad4f29befb7e349ebbbb6, type: 3}
      propertyPath: m_LocalEulerAnglesHint.y
      value: 65.54401
      objectReference: {fileID: 0}
    - target: {fileID: 400000, guid: 3a8d05115adad4f29befb7e349ebbbb6, type: 3}
      propertyPath: m_LocalEulerAnglesHint.z
      value: 0
      objectReference: {fileID: 0}
    - target: {fileID: 100000, guid: 3a8d05115adad4f29befb7e349ebbbb6, type: 3}
      propertyPath: m_IsActive
      value: 0
      objectReference: {fileID: 0}
    m_RemovedComponents: []
  m_ParentPrefab: {fileID: 100100000, guid: 3a8d05115adad4f29befb7e349ebbbb6, type: 3}
  m_IsPrefabParent: 0
--- !u!1 &806862708 stripped
GameObject:
  m_PrefabParentObject: {fileID: 1000010974683320, guid: 18fc9ee94c63dbc478c3cd68aafae026,
    type: 2}
  m_PrefabInternal: {fileID: 2055408826}
--- !u!114 &806862709
MonoBehaviour:
  m_ObjectHideFlags: 0
  m_PrefabParentObject: {fileID: 0}
  m_PrefabInternal: {fileID: 0}
  m_GameObject: {fileID: 806862708}
  m_Enabled: 1
  m_EditorHideFlags: 0
  m_Script: {fileID: 11500000, guid: 2d2e91af356914a33ae0edffd4f92113, type: 3}
  m_Name: 
  m_EditorClassIdentifier: 
  platform: {fileID: 1000012799369498, guid: 41832ac3269722540ba92262d4687f41, type: 2}
--- !u!65 &806862713
BoxCollider:
  m_ObjectHideFlags: 0
  m_PrefabParentObject: {fileID: 0}
  m_PrefabInternal: {fileID: 0}
  m_GameObject: {fileID: 806862708}
  m_Material: {fileID: 0}
  m_IsTrigger: 1
  m_Enabled: 1
  serializedVersion: 2
  m_Size: {x: 2.241006, y: 2.1581824, z: 2.0942712}
  m_Center: {x: 0.028274596, y: 1.0416931, z: -0.04904902}
--- !u!1 &860938907
GameObject:
  m_ObjectHideFlags: 0
  m_PrefabParentObject: {fileID: 0}
  m_PrefabInternal: {fileID: 0}
  serializedVersion: 4
  m_Component:
  - 4: {fileID: 860938908}
  - 33: {fileID: 860938911}
  - 65: {fileID: 860938910}
  - 23: {fileID: 860938909}
  m_Layer: 0
  m_Name: Cube
  m_TagString: Untagged
  m_Icon: {fileID: 0}
  m_NavMeshLayer: 0
  m_StaticEditorFlags: 0
  m_IsActive: 0
--- !u!4 &860938908
Transform:
  m_ObjectHideFlags: 0
  m_PrefabParentObject: {fileID: 0}
  m_PrefabInternal: {fileID: 0}
  m_GameObject: {fileID: 860938907}
  m_LocalRotation: {x: 0, y: 0, z: 0, w: 1}
  m_LocalPosition: {x: 0, y: 0.5, z: 0}
  m_LocalScale: {x: 1, y: 1, z: 1}
  m_LocalEulerAnglesHint: {x: 0, y: 0, z: 0}
  m_Children: []
  m_Father: {fileID: 1172091823}
  m_RootOrder: 0
--- !u!23 &860938909
MeshRenderer:
  m_ObjectHideFlags: 0
  m_PrefabParentObject: {fileID: 0}
  m_PrefabInternal: {fileID: 0}
  m_GameObject: {fileID: 860938907}
  m_Enabled: 1
  m_CastShadows: 1
  m_ReceiveShadows: 1
  m_MotionVectors: 1
  m_LightProbeUsage: 1
  m_ReflectionProbeUsage: 1
  m_Materials:
  - {fileID: 10303, guid: 0000000000000000f000000000000000, type: 0}
  m_SubsetIndices: 
  m_StaticBatchRoot: {fileID: 0}
  m_ProbeAnchor: {fileID: 0}
  m_LightProbeVolumeOverride: {fileID: 0}
  m_ScaleInLightmap: 1
  m_PreserveUVs: 1
  m_IgnoreNormalsForChartDetection: 0
  m_ImportantGI: 0
  m_SelectedWireframeHidden: 0
  m_MinimumChartSize: 4
  m_AutoUVMaxDistance: 0.5
  m_AutoUVMaxAngle: 89
  m_LightmapParameters: {fileID: 0}
  m_SortingLayerID: 0
  m_SortingOrder: 0
--- !u!65 &860938910
BoxCollider:
  m_ObjectHideFlags: 0
  m_PrefabParentObject: {fileID: 0}
  m_PrefabInternal: {fileID: 0}
  m_GameObject: {fileID: 860938907}
  m_Material: {fileID: 0}
  m_IsTrigger: 0
  m_Enabled: 1
  serializedVersion: 2
  m_Size: {x: 1, y: 1, z: 1}
  m_Center: {x: 0, y: 0, z: 0}
--- !u!33 &860938911
MeshFilter:
  m_ObjectHideFlags: 0
  m_PrefabParentObject: {fileID: 0}
  m_PrefabInternal: {fileID: 0}
  m_GameObject: {fileID: 860938907}
  m_Mesh: {fileID: 10202, guid: 0000000000000000e000000000000000, type: 0}
--- !u!1001 &905369849
Prefab:
  m_ObjectHideFlags: 0
  serializedVersion: 2
  m_Modification:
    m_TransformParent: {fileID: 0}
    m_Modifications:
    - target: {fileID: 4000012092313660, guid: 18fc9ee94c63dbc478c3cd68aafae026, type: 2}
      propertyPath: m_LocalPosition.x
      value: -16.956589
      objectReference: {fileID: 0}
    - target: {fileID: 4000012092313660, guid: 18fc9ee94c63dbc478c3cd68aafae026, type: 2}
      propertyPath: m_LocalPosition.y
      value: 9.402405
      objectReference: {fileID: 0}
    - target: {fileID: 4000012092313660, guid: 18fc9ee94c63dbc478c3cd68aafae026, type: 2}
      propertyPath: m_LocalPosition.z
      value: 21.70655
      objectReference: {fileID: 0}
    - target: {fileID: 4000012092313660, guid: 18fc9ee94c63dbc478c3cd68aafae026, type: 2}
      propertyPath: m_LocalRotation.x
      value: 0
      objectReference: {fileID: 0}
    - target: {fileID: 4000012092313660, guid: 18fc9ee94c63dbc478c3cd68aafae026, type: 2}
      propertyPath: m_LocalRotation.y
      value: -0
      objectReference: {fileID: 0}
    - target: {fileID: 4000012092313660, guid: 18fc9ee94c63dbc478c3cd68aafae026, type: 2}
      propertyPath: m_LocalRotation.z
      value: -0
      objectReference: {fileID: 0}
    - target: {fileID: 4000012092313660, guid: 18fc9ee94c63dbc478c3cd68aafae026, type: 2}
      propertyPath: m_LocalRotation.w
      value: 1
      objectReference: {fileID: 0}
    - target: {fileID: 4000012092313660, guid: 18fc9ee94c63dbc478c3cd68aafae026, type: 2}
      propertyPath: m_RootOrder
      value: 5
      objectReference: {fileID: 0}
    - target: {fileID: 1000010974683320, guid: 18fc9ee94c63dbc478c3cd68aafae026, type: 2}
      propertyPath: m_Name
      value: Triangle (10)
      objectReference: {fileID: 0}
    m_RemovedComponents: []
  m_ParentPrefab: {fileID: 100100000, guid: 18fc9ee94c63dbc478c3cd68aafae026, type: 2}
  m_IsPrefabParent: 0
--- !u!1001 &923651683
Prefab:
  m_ObjectHideFlags: 0
  serializedVersion: 2
  m_Modification:
    m_TransformParent: {fileID: 0}
    m_Modifications:
    - target: {fileID: 4000012092313660, guid: 18fc9ee94c63dbc478c3cd68aafae026, type: 2}
      propertyPath: m_LocalPosition.x
      value: 7.1
      objectReference: {fileID: 0}
    - target: {fileID: 4000012092313660, guid: 18fc9ee94c63dbc478c3cd68aafae026, type: 2}
      propertyPath: m_LocalPosition.y
      value: 26.36
      objectReference: {fileID: 0}
    - target: {fileID: 4000012092313660, guid: 18fc9ee94c63dbc478c3cd68aafae026, type: 2}
      propertyPath: m_LocalPosition.z
      value: 5.82
      objectReference: {fileID: 0}
    - target: {fileID: 4000012092313660, guid: 18fc9ee94c63dbc478c3cd68aafae026, type: 2}
      propertyPath: m_LocalRotation.x
      value: 0
      objectReference: {fileID: 0}
    - target: {fileID: 4000012092313660, guid: 18fc9ee94c63dbc478c3cd68aafae026, type: 2}
      propertyPath: m_LocalRotation.y
      value: -0
      objectReference: {fileID: 0}
    - target: {fileID: 4000012092313660, guid: 18fc9ee94c63dbc478c3cd68aafae026, type: 2}
      propertyPath: m_LocalRotation.z
      value: -0
      objectReference: {fileID: 0}
    - target: {fileID: 4000012092313660, guid: 18fc9ee94c63dbc478c3cd68aafae026, type: 2}
      propertyPath: m_LocalRotation.w
      value: 1
      objectReference: {fileID: 0}
    - target: {fileID: 4000012092313660, guid: 18fc9ee94c63dbc478c3cd68aafae026, type: 2}
      propertyPath: m_RootOrder
      value: 28
      objectReference: {fileID: 0}
    - target: {fileID: 1000010974683320, guid: 18fc9ee94c63dbc478c3cd68aafae026, type: 2}
      propertyPath: m_Name
      value: Triangle (7)
      objectReference: {fileID: 0}
    m_RemovedComponents: []
  m_ParentPrefab: {fileID: 100100000, guid: 18fc9ee94c63dbc478c3cd68aafae026, type: 2}
  m_IsPrefabParent: 0
--- !u!1001 &949354006
Prefab:
  m_ObjectHideFlags: 0
  serializedVersion: 2
  m_Modification:
    m_TransformParent: {fileID: 0}
    m_Modifications:
    - target: {fileID: 4000011670984296, guid: 41832ac3269722540ba92262d4687f41, type: 2}
      propertyPath: m_LocalPosition.x
      value: 0
      objectReference: {fileID: 0}
    - target: {fileID: 4000011670984296, guid: 41832ac3269722540ba92262d4687f41, type: 2}
      propertyPath: m_LocalPosition.y
      value: -1.6
      objectReference: {fileID: 0}
    - target: {fileID: 4000011670984296, guid: 41832ac3269722540ba92262d4687f41, type: 2}
      propertyPath: m_LocalPosition.z
      value: 0.17
      objectReference: {fileID: 0}
    - target: {fileID: 4000011670984296, guid: 41832ac3269722540ba92262d4687f41, type: 2}
      propertyPath: m_LocalRotation.x
      value: 0
      objectReference: {fileID: 0}
    - target: {fileID: 4000011670984296, guid: 41832ac3269722540ba92262d4687f41, type: 2}
      propertyPath: m_LocalRotation.y
      value: 0
      objectReference: {fileID: 0}
    - target: {fileID: 4000011670984296, guid: 41832ac3269722540ba92262d4687f41, type: 2}
      propertyPath: m_LocalRotation.z
      value: 0
      objectReference: {fileID: 0}
    - target: {fileID: 4000011670984296, guid: 41832ac3269722540ba92262d4687f41, type: 2}
      propertyPath: m_LocalRotation.w
      value: 1
      objectReference: {fileID: 0}
    - target: {fileID: 4000011670984296, guid: 41832ac3269722540ba92262d4687f41, type: 2}
      propertyPath: m_RootOrder
      value: 17
      objectReference: {fileID: 0}
    - target: {fileID: 1000012799369498, guid: 41832ac3269722540ba92262d4687f41, type: 2}
      propertyPath: m_Name
      value: GrassPlatformSpawner (1)
      objectReference: {fileID: 0}
    - target: {fileID: 4000011670984296, guid: 41832ac3269722540ba92262d4687f41, type: 2}
      propertyPath: m_LocalScale.x
      value: 2.9405258
      objectReference: {fileID: 0}
    - target: {fileID: 4000011670984296, guid: 41832ac3269722540ba92262d4687f41, type: 2}
      propertyPath: m_LocalScale.y
      value: 2.9405282
      objectReference: {fileID: 0}
    - target: {fileID: 4000011670984296, guid: 41832ac3269722540ba92262d4687f41, type: 2}
      propertyPath: m_LocalScale.z
      value: 2.9405282
      objectReference: {fileID: 0}
    m_RemovedComponents: []
  m_ParentPrefab: {fileID: 100100000, guid: 41832ac3269722540ba92262d4687f41, type: 2}
  m_IsPrefabParent: 0
--- !u!1001 &1011649357
Prefab:
  m_ObjectHideFlags: 0
  serializedVersion: 2
  m_Modification:
    m_TransformParent: {fileID: 0}
    m_Modifications:
    - target: {fileID: 4000011034490072, guid: bdaa4b04c35c1594a9cdf6e0491c3006, type: 2}
      propertyPath: m_LocalPosition.x
      value: 0.74
      objectReference: {fileID: 0}
    - target: {fileID: 4000011034490072, guid: bdaa4b04c35c1594a9cdf6e0491c3006, type: 2}
      propertyPath: m_LocalPosition.y
      value: 2.12
      objectReference: {fileID: 0}
    - target: {fileID: 4000011034490072, guid: bdaa4b04c35c1594a9cdf6e0491c3006, type: 2}
      propertyPath: m_LocalPosition.z
      value: 2.75
      objectReference: {fileID: 0}
    - target: {fileID: 4000011034490072, guid: bdaa4b04c35c1594a9cdf6e0491c3006, type: 2}
      propertyPath: m_LocalRotation.x
      value: 0
      objectReference: {fileID: 0}
    - target: {fileID: 4000011034490072, guid: bdaa4b04c35c1594a9cdf6e0491c3006, type: 2}
      propertyPath: m_LocalRotation.y
      value: 0
      objectReference: {fileID: 0}
    - target: {fileID: 4000011034490072, guid: bdaa4b04c35c1594a9cdf6e0491c3006, type: 2}
      propertyPath: m_LocalRotation.z
      value: 0
      objectReference: {fileID: 0}
    - target: {fileID: 4000011034490072, guid: bdaa4b04c35c1594a9cdf6e0491c3006, type: 2}
      propertyPath: m_LocalRotation.w
      value: 1
      objectReference: {fileID: 0}
    - target: {fileID: 4000011034490072, guid: bdaa4b04c35c1594a9cdf6e0491c3006, type: 2}
      propertyPath: m_RootOrder
      value: 9
      objectReference: {fileID: 0}
    m_RemovedComponents: []
  m_ParentPrefab: {fileID: 100100000, guid: bdaa4b04c35c1594a9cdf6e0491c3006, type: 2}
  m_IsPrefabParent: 0
--- !u!1 &1126047065
GameObject:
  m_ObjectHideFlags: 0
  m_PrefabParentObject: {fileID: 0}
  m_PrefabInternal: {fileID: 0}
  serializedVersion: 4
  m_Component:
  - 4: {fileID: 1126047067}
  - 65: {fileID: 1126047066}
  - 114: {fileID: 1126047068}
  m_Layer: 0
  m_Name: PlayerDespawn
  m_TagString: Untagged
  m_Icon: {fileID: 0}
  m_NavMeshLayer: 0
  m_StaticEditorFlags: 0
  m_IsActive: 1
--- !u!65 &1126047066
BoxCollider:
  m_ObjectHideFlags: 0
  m_PrefabParentObject: {fileID: 0}
  m_PrefabInternal: {fileID: 0}
  m_GameObject: {fileID: 1126047065}
  m_Material: {fileID: 0}
  m_IsTrigger: 1
  m_Enabled: 1
  serializedVersion: 2
  m_Size: {x: 117.52, y: 110.6951, z: 175.83}
  m_Center: {x: 0, y: 33.685043, z: 0}
--- !u!4 &1126047067
Transform:
  m_ObjectHideFlags: 0
  m_PrefabParentObject: {fileID: 0}
  m_PrefabInternal: {fileID: 0}
  m_GameObject: {fileID: 1126047065}
  m_LocalRotation: {x: 0, y: 0, z: 0, w: 1}
  m_LocalPosition: {x: -0.04, y: 1.93, z: -0.009}
  m_LocalScale: {x: 1, y: 1, z: 1}
  m_LocalEulerAnglesHint: {x: 0, y: 0, z: 0}
  m_Children: []
  m_Father: {fileID: 0}
  m_RootOrder: 30
--- !u!114 &1126047068
MonoBehaviour:
  m_ObjectHideFlags: 0
  m_PrefabParentObject: {fileID: 0}
  m_PrefabInternal: {fileID: 0}
  m_GameObject: {fileID: 1126047065}
  m_Enabled: 1
  m_EditorHideFlags: 0
  m_Script: {fileID: 11500000, guid: a4bb231f111e8d742bd91b0c30b5deaa, type: 3}
  m_Name: 
  m_EditorClassIdentifier: 
  player: {fileID: 0}
--- !u!1 &1172091822
GameObject:
  m_ObjectHideFlags: 0
  m_PrefabParentObject: {fileID: 0}
  m_PrefabInternal: {fileID: 0}
  serializedVersion: 4
  m_Component:
  - 4: {fileID: 1172091823}
  - 95: {fileID: 1172091825}
  - 111: {fileID: 1172091824}
  - 114: {fileID: 1172091826}
  m_Layer: 0
  m_Name: AvatarController
  m_TagString: Untagged
  m_Icon: {fileID: 0}
  m_NavMeshLayer: 0
  m_StaticEditorFlags: 0
  m_IsActive: 1
--- !u!4 &1172091823
Transform:
  m_ObjectHideFlags: 0
  m_PrefabParentObject: {fileID: 0}
  m_PrefabInternal: {fileID: 0}
  m_GameObject: {fileID: 1172091822}
  m_LocalRotation: {x: 0, y: 0, z: 0, w: 1}
  m_LocalPosition: {x: -4.546, y: 0.819, z: 0.043}
  m_LocalScale: {x: 1, y: 1, z: 1}
  m_LocalEulerAnglesHint: {x: 0, y: 0, z: 0}
  m_Children:
  - {fileID: 860938908}
  - {fileID: 1628044394}
  m_Father: {fileID: 0}
  m_RootOrder: 11
--- !u!111 &1172091824
Animation:
  m_ObjectHideFlags: 0
  m_PrefabParentObject: {fileID: 0}
  m_PrefabInternal: {fileID: 0}
  m_GameObject: {fileID: 1172091822}
  m_Enabled: 1
  serializedVersion: 3
  m_Animation: {fileID: 0}
  m_Animations: []
  m_WrapMode: 0
  m_PlayAutomatically: 1
  m_AnimatePhysics: 0
  m_CullingType: 0
--- !u!95 &1172091825
Animator:
  serializedVersion: 3
  m_ObjectHideFlags: 0
  m_PrefabParentObject: {fileID: 0}
  m_PrefabInternal: {fileID: 0}
  m_GameObject: {fileID: 1172091822}
  m_Enabled: 1
  m_Avatar: {fileID: 0}
  m_Controller: {fileID: 0}
  m_CullingMode: 0
  m_UpdateMode: 0
  m_ApplyRootMotion: 0
  m_LinearVelocityBlending: 0
  m_WarningMessage: 
  m_HasTransformHierarchy: 1
  m_AllowConstantClipSamplingOptimization: 1
--- !u!114 &1172091826
MonoBehaviour:
  m_ObjectHideFlags: 0
  m_PrefabParentObject: {fileID: 0}
  m_PrefabInternal: {fileID: 0}
  m_GameObject: {fileID: 1172091822}
  m_Enabled: 1
  m_EditorHideFlags: 0
  m_Script: {fileID: 11500000, guid: 391ab13586ec2b645ab78b5d316b3da8, type: 3}
  m_Name: 
  m_EditorClassIdentifier: 
  avatarAnim: {fileID: 1628044395}
--- !u!1 &1176086248 stripped
GameObject:
  m_PrefabParentObject: {fileID: 1000010974683320, guid: 18fc9ee94c63dbc478c3cd68aafae026,
    type: 2}
  m_PrefabInternal: {fileID: 539999698}
--- !u!114 &1176086249
MonoBehaviour:
  m_ObjectHideFlags: 0
  m_PrefabParentObject: {fileID: 0}
  m_PrefabInternal: {fileID: 0}
  m_GameObject: {fileID: 1176086248}
  m_Enabled: 1
  m_EditorHideFlags: 0
  m_Script: {fileID: 11500000, guid: 2d2e91af356914a33ae0edffd4f92113, type: 3}
  m_Name: 
  m_EditorClassIdentifier: 
  platform: {fileID: 1000012799369498, guid: 41832ac3269722540ba92262d4687f41, type: 2}
--- !u!65 &1176086250
BoxCollider:
  m_ObjectHideFlags: 0
  m_PrefabParentObject: {fileID: 0}
  m_PrefabInternal: {fileID: 0}
  m_GameObject: {fileID: 1176086248}
  m_Material: {fileID: 0}
  m_IsTrigger: 1
  m_Enabled: 1
  serializedVersion: 2
  m_Size: {x: 2.241006, y: 2.1581824, z: 2.0942712}
  m_Center: {x: 0.028274596, y: 1.0416931, z: -0.04904902}
--- !u!1001 &1196133853
Prefab:
  m_ObjectHideFlags: 0
  serializedVersion: 2
  m_Modification:
    m_TransformParent: {fileID: 0}
    m_Modifications:
    - target: {fileID: 4000012092313660, guid: 18fc9ee94c63dbc478c3cd68aafae026, type: 2}
      propertyPath: m_LocalPosition.x
      value: 0.78823185
      objectReference: {fileID: 0}
    - target: {fileID: 4000012092313660, guid: 18fc9ee94c63dbc478c3cd68aafae026, type: 2}
      propertyPath: m_LocalPosition.y
      value: 9.48538
      objectReference: {fileID: 0}
    - target: {fileID: 4000012092313660, guid: 18fc9ee94c63dbc478c3cd68aafae026, type: 2}
      propertyPath: m_LocalPosition.z
      value: 19.879002
      objectReference: {fileID: 0}
    - target: {fileID: 4000012092313660, guid: 18fc9ee94c63dbc478c3cd68aafae026, type: 2}
      propertyPath: m_LocalRotation.x
      value: 0
      objectReference: {fileID: 0}
    - target: {fileID: 4000012092313660, guid: 18fc9ee94c63dbc478c3cd68aafae026, type: 2}
      propertyPath: m_LocalRotation.y
      value: -0
      objectReference: {fileID: 0}
    - target: {fileID: 4000012092313660, guid: 18fc9ee94c63dbc478c3cd68aafae026, type: 2}
      propertyPath: m_LocalRotation.z
      value: -0
      objectReference: {fileID: 0}
    - target: {fileID: 4000012092313660, guid: 18fc9ee94c63dbc478c3cd68aafae026, type: 2}
      propertyPath: m_LocalRotation.w
      value: 1
      objectReference: {fileID: 0}
    - target: {fileID: 4000012092313660, guid: 18fc9ee94c63dbc478c3cd68aafae026, type: 2}
      propertyPath: m_RootOrder
      value: 6
      objectReference: {fileID: 0}
    - target: {fileID: 1000010974683320, guid: 18fc9ee94c63dbc478c3cd68aafae026, type: 2}
      propertyPath: m_Name
      value: Triangle (9)
      objectReference: {fileID: 0}
    m_RemovedComponents: []
  m_ParentPrefab: {fileID: 100100000, guid: 18fc9ee94c63dbc478c3cd68aafae026, type: 2}
  m_IsPrefabParent: 0
--- !u!1 &1322287191 stripped
GameObject:
  m_PrefabParentObject: {fileID: 1000010974683320, guid: 18fc9ee94c63dbc478c3cd68aafae026,
    type: 2}
  m_PrefabInternal: {fileID: 1948510542}
--- !u!114 &1322287192
MonoBehaviour:
  m_ObjectHideFlags: 0
  m_PrefabParentObject: {fileID: 0}
  m_PrefabInternal: {fileID: 0}
  m_GameObject: {fileID: 1322287191}
  m_Enabled: 1
  m_EditorHideFlags: 0
  m_Script: {fileID: 11500000, guid: 2d2e91af356914a33ae0edffd4f92113, type: 3}
  m_Name: 
  m_EditorClassIdentifier: 
  platform: {fileID: 1000012799369498, guid: 41832ac3269722540ba92262d4687f41, type: 2}
--- !u!65 &1322287193
BoxCollider:
  m_ObjectHideFlags: 0
  m_PrefabParentObject: {fileID: 0}
  m_PrefabInternal: {fileID: 0}
  m_GameObject: {fileID: 1322287191}
  m_Material: {fileID: 0}
  m_IsTrigger: 1
  m_Enabled: 1
  serializedVersion: 2
  m_Size: {x: 2.241006, y: 2.1581824, z: 2.0942712}
  m_Center: {x: 0.028274596, y: 1.0416931, z: -0.04904902}
--- !u!1001 &1519270091
Prefab:
  m_ObjectHideFlags: 0
  serializedVersion: 2
  m_Modification:
    m_TransformParent: {fileID: 0}
    m_Modifications:
    - target: {fileID: 4000012373486466, guid: fc09abf7fc6efe545ad7e8c9b7eaf3fe, type: 2}
      propertyPath: m_LocalPosition.x
      value: -4.95
      objectReference: {fileID: 0}
    - target: {fileID: 4000012373486466, guid: fc09abf7fc6efe545ad7e8c9b7eaf3fe, type: 2}
      propertyPath: m_LocalPosition.y
      value: 1.61
      objectReference: {fileID: 0}
    - target: {fileID: 4000012373486466, guid: fc09abf7fc6efe545ad7e8c9b7eaf3fe, type: 2}
      propertyPath: m_LocalPosition.z
      value: 16.34
      objectReference: {fileID: 0}
    - target: {fileID: 4000012373486466, guid: fc09abf7fc6efe545ad7e8c9b7eaf3fe, type: 2}
      propertyPath: m_LocalRotation.x
      value: -0
      objectReference: {fileID: 0}
    - target: {fileID: 4000012373486466, guid: fc09abf7fc6efe545ad7e8c9b7eaf3fe, type: 2}
      propertyPath: m_LocalRotation.y
      value: -0.96949184
      objectReference: {fileID: 0}
    - target: {fileID: 4000012373486466, guid: fc09abf7fc6efe545ad7e8c9b7eaf3fe, type: 2}
      propertyPath: m_LocalRotation.z
      value: -0
      objectReference: {fileID: 0}
    - target: {fileID: 4000012373486466, guid: fc09abf7fc6efe545ad7e8c9b7eaf3fe, type: 2}
      propertyPath: m_LocalRotation.w
      value: 0.24512362
      objectReference: {fileID: 0}
    - target: {fileID: 4000012373486466, guid: fc09abf7fc6efe545ad7e8c9b7eaf3fe, type: 2}
      propertyPath: m_RootOrder
      value: 12
      objectReference: {fileID: 0}
    - target: {fileID: 4000012373486466, guid: fc09abf7fc6efe545ad7e8c9b7eaf3fe, type: 2}
      propertyPath: m_LocalScale.x
      value: 1.8749957
      objectReference: {fileID: 0}
    - target: {fileID: 4000012373486466, guid: fc09abf7fc6efe545ad7e8c9b7eaf3fe, type: 2}
      propertyPath: m_LocalScale.y
      value: 1.8749965
      objectReference: {fileID: 0}
    - target: {fileID: 4000012373486466, guid: fc09abf7fc6efe545ad7e8c9b7eaf3fe, type: 2}
      propertyPath: m_LocalScale.z
      value: 1.8749965
      objectReference: {fileID: 0}
    - target: {fileID: 1000010244588478, guid: fc09abf7fc6efe545ad7e8c9b7eaf3fe, type: 2}
      propertyPath: m_Name
      value: GrassPlatform (2)
      objectReference: {fileID: 0}
    - target: {fileID: 4000012373486466, guid: fc09abf7fc6efe545ad7e8c9b7eaf3fe, type: 2}
      propertyPath: m_LocalEulerAnglesHint.y
      value: -151.671
      objectReference: {fileID: 0}
    - target: {fileID: 1000010244588478, guid: fc09abf7fc6efe545ad7e8c9b7eaf3fe, type: 2}
      propertyPath: m_IsActive
      value: 0
      objectReference: {fileID: 0}
    m_RemovedComponents: []
  m_ParentPrefab: {fileID: 100100000, guid: fc09abf7fc6efe545ad7e8c9b7eaf3fe, type: 2}
  m_IsPrefabParent: 0
--- !u!1001 &1529996578
Prefab:
  m_ObjectHideFlags: 0
  serializedVersion: 2
  m_Modification:
    m_TransformParent: {fileID: 0}
    m_Modifications:
    - target: {fileID: 4000012092313660, guid: 18fc9ee94c63dbc478c3cd68aafae026, type: 2}
      propertyPath: m_LocalPosition.x
      value: -9.63
      objectReference: {fileID: 0}
    - target: {fileID: 4000012092313660, guid: 18fc9ee94c63dbc478c3cd68aafae026, type: 2}
      propertyPath: m_LocalPosition.y
      value: 6.03
      objectReference: {fileID: 0}
    - target: {fileID: 4000012092313660, guid: 18fc9ee94c63dbc478c3cd68aafae026, type: 2}
      propertyPath: m_LocalPosition.z
      value: -12.49
      objectReference: {fileID: 0}
    - target: {fileID: 4000012092313660, guid: 18fc9ee94c63dbc478c3cd68aafae026, type: 2}
      propertyPath: m_LocalRotation.x
      value: -0
      objectReference: {fileID: 0}
    - target: {fileID: 4000012092313660, guid: 18fc9ee94c63dbc478c3cd68aafae026, type: 2}
      propertyPath: m_LocalRotation.y
      value: -0.6100877
      objectReference: {fileID: 0}
    - target: {fileID: 4000012092313660, guid: 18fc9ee94c63dbc478c3cd68aafae026, type: 2}
      propertyPath: m_LocalRotation.z
      value: -0
      objectReference: {fileID: 0}
    - target: {fileID: 4000012092313660, guid: 18fc9ee94c63dbc478c3cd68aafae026, type: 2}
      propertyPath: m_LocalRotation.w
      value: 0.79233396
      objectReference: {fileID: 0}
    - target: {fileID: 4000012092313660, guid: 18fc9ee94c63dbc478c3cd68aafae026, type: 2}
      propertyPath: m_RootOrder
      value: 24
      objectReference: {fileID: 0}
    - target: {fileID: 1000010974683320, guid: 18fc9ee94c63dbc478c3cd68aafae026, type: 2}
      propertyPath: m_Name
      value: Triangle (3)
      objectReference: {fileID: 0}
    - target: {fileID: 4000012092313660, guid: 18fc9ee94c63dbc478c3cd68aafae026, type: 2}
      propertyPath: m_LocalEulerAnglesHint.y
      value: -75.499
      objectReference: {fileID: 0}
    m_RemovedComponents: []
  m_ParentPrefab: {fileID: 100100000, guid: 18fc9ee94c63dbc478c3cd68aafae026, type: 2}
  m_IsPrefabParent: 0
--- !u!1001 &1567060652
Prefab:
  m_ObjectHideFlags: 0
  serializedVersion: 2
  m_Modification:
    m_TransformParent: {fileID: 0}
    m_Modifications:
    - target: {fileID: 4000013840482514, guid: 151e057050f47244e83092151f6f292f, type: 2}
      propertyPath: m_LocalPosition.x
      value: 15.5
      objectReference: {fileID: 0}
    - target: {fileID: 4000013840482514, guid: 151e057050f47244e83092151f6f292f, type: 2}
      propertyPath: m_LocalPosition.y
      value: -0.2
      objectReference: {fileID: 0}
    - target: {fileID: 4000013840482514, guid: 151e057050f47244e83092151f6f292f, type: 2}
      propertyPath: m_LocalPosition.z
      value: 2.5
      objectReference: {fileID: 0}
    - target: {fileID: 4000013840482514, guid: 151e057050f47244e83092151f6f292f, type: 2}
      propertyPath: m_LocalRotation.x
      value: -0.5357732
      objectReference: {fileID: 0}
    - target: {fileID: 4000013840482514, guid: 151e057050f47244e83092151f6f292f, type: 2}
      propertyPath: m_LocalRotation.y
      value: 0.5196994
      objectReference: {fileID: 0}
    - target: {fileID: 4000013840482514, guid: 151e057050f47244e83092151f6f292f, type: 2}
      propertyPath: m_LocalRotation.z
      value: -0.51174206
      objectReference: {fileID: 0}
    - target: {fileID: 4000013840482514, guid: 151e057050f47244e83092151f6f292f, type: 2}
      propertyPath: m_LocalRotation.w
      value: 0.42541716
      objectReference: {fileID: 0}
    - target: {fileID: 4000013840482514, guid: 151e057050f47244e83092151f6f292f, type: 2}
      propertyPath: m_RootOrder
      value: 21
      objectReference: {fileID: 0}
    - target: {fileID: 4000013840482514, guid: 151e057050f47244e83092151f6f292f, type: 2}
      propertyPath: m_LocalScale.x
      value: 5.0479684
      objectReference: {fileID: 0}
    - target: {fileID: 4000013840482514, guid: 151e057050f47244e83092151f6f292f, type: 2}
      propertyPath: m_LocalScale.y
      value: 5.047969
      objectReference: {fileID: 0}
    - target: {fileID: 4000013840482514, guid: 151e057050f47244e83092151f6f292f, type: 2}
      propertyPath: m_LocalScale.z
      value: 5.047969
      objectReference: {fileID: 0}
    - target: {fileID: 1000010862464762, guid: 151e057050f47244e83092151f6f292f, type: 2}
      propertyPath: m_Name
      value: FreeWorld (3)
      objectReference: {fileID: 0}
    - target: {fileID: 4000013840482514, guid: 151e057050f47244e83092151f6f292f, type: 2}
      propertyPath: m_LocalEulerAnglesHint.x
      value: 4.3230004
      objectReference: {fileID: 0}
    - target: {fileID: 4000013840482514, guid: 151e057050f47244e83092151f6f292f, type: 2}
      propertyPath: m_LocalEulerAnglesHint.y
      value: 96.399
      objectReference: {fileID: 0}
    - target: {fileID: 4000013840482514, guid: 151e057050f47244e83092151f6f292f, type: 2}
      propertyPath: m_LocalEulerAnglesHint.z
      value: -95.47401
      objectReference: {fileID: 0}
    m_RemovedComponents: []
  m_ParentPrefab: {fileID: 100100000, guid: 151e057050f47244e83092151f6f292f, type: 2}
  m_IsPrefabParent: 0
--- !u!4 &1628044394 stripped
Transform:
  m_PrefabParentObject: {fileID: 400000, guid: 3a8d05115adad4f29befb7e349ebbbb6, type: 3}
  m_PrefabInternal: {fileID: 740544966}
--- !u!95 &1628044395 stripped
Animator:
  m_PrefabParentObject: {fileID: 9500000, guid: 3a8d05115adad4f29befb7e349ebbbb6,
    type: 3}
  m_PrefabInternal: {fileID: 740544966}
--- !u!1001 &1744693123
Prefab:
  m_ObjectHideFlags: 0
  serializedVersion: 2
  m_Modification:
    m_TransformParent: {fileID: 0}
    m_Modifications:
    - target: {fileID: 4000013840482514, guid: 151e057050f47244e83092151f6f292f, type: 2}
      propertyPath: m_LocalPosition.x
      value: -37.2
      objectReference: {fileID: 0}
    - target: {fileID: 4000013840482514, guid: 151e057050f47244e83092151f6f292f, type: 2}
      propertyPath: m_LocalPosition.y
      value: -11
      objectReference: {fileID: 0}
    - target: {fileID: 4000013840482514, guid: 151e057050f47244e83092151f6f292f, type: 2}
      propertyPath: m_LocalPosition.z
      value: -5.8
      objectReference: {fileID: 0}
    - target: {fileID: 4000013840482514, guid: 151e057050f47244e83092151f6f292f, type: 2}
      propertyPath: m_LocalRotation.x
      value: 0.2372906
      objectReference: {fileID: 0}
    - target: {fileID: 4000013840482514, guid: 151e057050f47244e83092151f6f292f, type: 2}
      propertyPath: m_LocalRotation.y
      value: 0.64043033
      objectReference: {fileID: 0}
    - target: {fileID: 4000013840482514, guid: 151e057050f47244e83092151f6f292f, type: 2}
      propertyPath: m_LocalRotation.z
      value: -0.4326335
      objectReference: {fileID: 0}
    - target: {fileID: 4000013840482514, guid: 151e057050f47244e83092151f6f292f, type: 2}
      propertyPath: m_LocalRotation.w
      value: 0.5885325
      objectReference: {fileID: 0}
    - target: {fileID: 4000013840482514, guid: 151e057050f47244e83092151f6f292f, type: 2}
      propertyPath: m_RootOrder
      value: 19
      objectReference: {fileID: 0}
    - target: {fileID: 1000010862464762, guid: 151e057050f47244e83092151f6f292f, type: 2}
      propertyPath: m_Name
      value: FreeWorld (1)
      objectReference: {fileID: 0}
    m_RemovedComponents: []
  m_ParentPrefab: {fileID: 100100000, guid: 151e057050f47244e83092151f6f292f, type: 2}
  m_IsPrefabParent: 0
--- !u!1 &1761698506
GameObject:
  m_ObjectHideFlags: 0
  m_PrefabParentObject: {fileID: 0}
  m_PrefabInternal: {fileID: 0}
  serializedVersion: 4
  m_Component:
  - 4: {fileID: 1761698508}
  - 108: {fileID: 1761698507}
  m_Layer: 0
  m_Name: Directional Light
  m_TagString: Untagged
  m_Icon: {fileID: 0}
  m_NavMeshLayer: 0
  m_StaticEditorFlags: 0
  m_IsActive: 1
--- !u!108 &1761698507
Light:
  m_ObjectHideFlags: 0
  m_PrefabParentObject: {fileID: 0}
  m_PrefabInternal: {fileID: 0}
  m_GameObject: {fileID: 1761698506}
  m_Enabled: 1
  serializedVersion: 7
  m_Type: 1
  m_Color: {r: 1, g: 0.95686275, b: 0.8392157, a: 1}
  m_Intensity: 1
  m_Range: 10
  m_SpotAngle: 30
  m_CookieSize: 10
  m_Shadows:
    m_Type: 2
    m_Resolution: -1
    m_CustomResolution: -1
    m_Strength: 1
    m_Bias: 0.05
    m_NormalBias: 0.4
    m_NearPlane: 0.2
  m_Cookie: {fileID: 0}
  m_DrawHalo: 0
  m_Flare: {fileID: 0}
  m_RenderMode: 0
  m_CullingMask:
    serializedVersion: 2
    m_Bits: 4294967295
  m_Lightmapping: 4
  m_AreaSize: {x: 1, y: 1}
  m_BounceIntensity: 1
  m_ShadowRadius: 0
  m_ShadowAngle: 0
--- !u!4 &1761698508
Transform:
  m_ObjectHideFlags: 0
  m_PrefabParentObject: {fileID: 0}
  m_PrefabInternal: {fileID: 0}
  m_GameObject: {fileID: 1761698506}
  m_LocalRotation: {x: 0.40821788, y: -0.23456968, z: 0.10938163, w: 0.8754261}
  m_LocalPosition: {x: 0, y: 3, z: 0}
  m_LocalScale: {x: 1, y: 1, z: 1}
  m_LocalEulerAnglesHint: {x: 50, y: -30, z: 0}
  m_Children: []
  m_Father: {fileID: 0}
  m_RootOrder: 0
--- !u!1001 &1781058982
Prefab:
  m_ObjectHideFlags: 0
  serializedVersion: 2
  m_Modification:
    m_TransformParent: {fileID: 0}
    m_Modifications:
    - target: {fileID: 444816, guid: 040be21e51da14188b4ea863ac8b8f5c, type: 2}
      propertyPath: m_LocalPosition.x
      value: 0
      objectReference: {fileID: 0}
    - target: {fileID: 444816, guid: 040be21e51da14188b4ea863ac8b8f5c, type: 2}
      propertyPath: m_LocalPosition.y
      value: 2.18
      objectReference: {fileID: 0}
    - target: {fileID: 444816, guid: 040be21e51da14188b4ea863ac8b8f5c, type: 2}
      propertyPath: m_LocalPosition.z
      value: 10.41
      objectReference: {fileID: 0}
    - target: {fileID: 444816, guid: 040be21e51da14188b4ea863ac8b8f5c, type: 2}
      propertyPath: m_LocalRotation.x
      value: 0
      objectReference: {fileID: 0}
    - target: {fileID: 444816, guid: 040be21e51da14188b4ea863ac8b8f5c, type: 2}
      propertyPath: m_LocalRotation.y
      value: 0
      objectReference: {fileID: 0}
    - target: {fileID: 444816, guid: 040be21e51da14188b4ea863ac8b8f5c, type: 2}
      propertyPath: m_LocalRotation.z
      value: 0
      objectReference: {fileID: 0}
    - target: {fileID: 444816, guid: 040be21e51da14188b4ea863ac8b8f5c, type: 2}
      propertyPath: m_LocalRotation.w
      value: 1
      objectReference: {fileID: 0}
    - target: {fileID: 444816, guid: 040be21e51da14188b4ea863ac8b8f5c, type: 2}
      propertyPath: m_RootOrder
      value: 13
      objectReference: {fileID: 0}
    - target: {fileID: 132580, guid: 040be21e51da14188b4ea863ac8b8f5c, type: 2}
      propertyPath: m_IsActive
      value: 0
      objectReference: {fileID: 0}
    m_RemovedComponents: []
  m_ParentPrefab: {fileID: 100100000, guid: 040be21e51da14188b4ea863ac8b8f5c, type: 2}
  m_IsPrefabParent: 0
--- !u!21 &1810239451
Material:
  serializedVersion: 6
  m_ObjectHideFlags: 0
  m_PrefabParentObject: {fileID: 0}
  m_PrefabInternal: {fileID: 0}
  m_Name: Sprites/Default
  m_Shader: {fileID: 10753, guid: 0000000000000000f000000000000000, type: 0}
  m_ShaderKeywords: 
  m_LightmapFlags: 5
  m_CustomRenderQueue: -1
  stringTagMap: {}
  m_SavedProperties:
    serializedVersion: 2
    m_TexEnvs:
    - first:
        name: _MainTex
      second:
        m_Texture: {fileID: 0}
        m_Scale: {x: 1, y: 1}
        m_Offset: {x: 0, y: 0}
    m_Floats:
    - first:
        name: PixelSnap
      second: 0
    m_Colors:
    - first:
        name: _Color
      second: {r: 1, g: 1, b: 1, a: 1}
--- !u!1001 &1825666768
Prefab:
  m_ObjectHideFlags: 0
  serializedVersion: 2
  m_Modification:
    m_TransformParent: {fileID: 0}
    m_Modifications:
    - target: {fileID: 497618, guid: 74bff9b9ff5f44871bc64d2a3e10b911, type: 2}
      propertyPath: m_LocalPosition.x
      value: 0
      objectReference: {fileID: 0}
    - target: {fileID: 497618, guid: 74bff9b9ff5f44871bc64d2a3e10b911, type: 2}
      propertyPath: m_LocalPosition.y
      value: 0.8
      objectReference: {fileID: 0}
    - target: {fileID: 497618, guid: 74bff9b9ff5f44871bc64d2a3e10b911, type: 2}
      propertyPath: m_LocalPosition.z
      value: 11.34
      objectReference: {fileID: 0}
    - target: {fileID: 497618, guid: 74bff9b9ff5f44871bc64d2a3e10b911, type: 2}
      propertyPath: m_LocalRotation.x
      value: -0.7071068
      objectReference: {fileID: 0}
    - target: {fileID: 497618, guid: 74bff9b9ff5f44871bc64d2a3e10b911, type: 2}
      propertyPath: m_LocalRotation.y
      value: 0
      objectReference: {fileID: 0}
    - target: {fileID: 497618, guid: 74bff9b9ff5f44871bc64d2a3e10b911, type: 2}
      propertyPath: m_LocalRotation.z
      value: 0
      objectReference: {fileID: 0}
    - target: {fileID: 497618, guid: 74bff9b9ff5f44871bc64d2a3e10b911, type: 2}
      propertyPath: m_LocalRotation.w
      value: 0.7071068
      objectReference: {fileID: 0}
    - target: {fileID: 497618, guid: 74bff9b9ff5f44871bc64d2a3e10b911, type: 2}
      propertyPath: m_RootOrder
      value: 15
      objectReference: {fileID: 0}
    - target: {fileID: 497618, guid: 74bff9b9ff5f44871bc64d2a3e10b911, type: 2}
      propertyPath: m_LocalScale.x
      value: 1
      objectReference: {fileID: 0}
    - target: {fileID: 497618, guid: 74bff9b9ff5f44871bc64d2a3e10b911, type: 2}
      propertyPath: m_LocalScale.y
      value: 1
      objectReference: {fileID: 0}
    - target: {fileID: 497618, guid: 74bff9b9ff5f44871bc64d2a3e10b911, type: 2}
      propertyPath: m_LocalScale.z
      value: 1
      objectReference: {fileID: 0}
    - target: {fileID: 497618, guid: 74bff9b9ff5f44871bc64d2a3e10b911, type: 2}
      propertyPath: m_LocalEulerAnglesHint.y
      value: 0
      objectReference: {fileID: 0}
    - target: {fileID: 497618, guid: 74bff9b9ff5f44871bc64d2a3e10b911, type: 2}
      propertyPath: m_LocalEulerAnglesHint.z
      value: 0
      objectReference: {fileID: 0}
    - target: {fileID: 497618, guid: 74bff9b9ff5f44871bc64d2a3e10b911, type: 2}
      propertyPath: m_LocalEulerAnglesHint.x
      value: -90
      objectReference: {fileID: 0}
    - target: {fileID: 11486464, guid: 74bff9b9ff5f44871bc64d2a3e10b911, type: 2}
      propertyPath: platform
      value: 
      objectReference: {fileID: 1000012799369498, guid: 41832ac3269722540ba92262d4687f41,
        type: 2}
    - target: {fileID: 122570, guid: 74bff9b9ff5f44871bc64d2a3e10b911, type: 2}
      propertyPath: m_IsActive
      value: 0
      objectReference: {fileID: 0}
    m_RemovedComponents: []
  m_ParentPrefab: {fileID: 100100000, guid: 74bff9b9ff5f44871bc64d2a3e10b911, type: 2}
  m_IsPrefabParent: 0
--- !u!1001 &1831854761
Prefab:
  m_ObjectHideFlags: 0
  serializedVersion: 2
  m_Modification:
    m_TransformParent: {fileID: 0}
    m_Modifications:
    - target: {fileID: 4000012092313660, guid: 18fc9ee94c63dbc478c3cd68aafae026, type: 2}
      propertyPath: m_LocalPosition.x
      value: 13.45
      objectReference: {fileID: 0}
    - target: {fileID: 4000012092313660, guid: 18fc9ee94c63dbc478c3cd68aafae026, type: 2}
      propertyPath: m_LocalPosition.y
      value: 7.21
      objectReference: {fileID: 0}
    - target: {fileID: 4000012092313660, guid: 18fc9ee94c63dbc478c3cd68aafae026, type: 2}
      propertyPath: m_LocalPosition.z
      value: 10.77
      objectReference: {fileID: 0}
    - target: {fileID: 4000012092313660, guid: 18fc9ee94c63dbc478c3cd68aafae026, type: 2}
      propertyPath: m_LocalRotation.x
      value: 0
      objectReference: {fileID: 0}
    - target: {fileID: 4000012092313660, guid: 18fc9ee94c63dbc478c3cd68aafae026, type: 2}
      propertyPath: m_LocalRotation.y
      value: -0
      objectReference: {fileID: 0}
    - target: {fileID: 4000012092313660, guid: 18fc9ee94c63dbc478c3cd68aafae026, type: 2}
      propertyPath: m_LocalRotation.z
      value: -0
      objectReference: {fileID: 0}
    - target: {fileID: 4000012092313660, guid: 18fc9ee94c63dbc478c3cd68aafae026, type: 2}
      propertyPath: m_LocalRotation.w
      value: 1
      objectReference: {fileID: 0}
    - target: {fileID: 4000012092313660, guid: 18fc9ee94c63dbc478c3cd68aafae026, type: 2}
      propertyPath: m_RootOrder
      value: 22
      objectReference: {fileID: 0}
    - target: {fileID: 1000010974683320, guid: 18fc9ee94c63dbc478c3cd68aafae026, type: 2}
      propertyPath: m_Name
      value: Triangle (1)
      objectReference: {fileID: 0}
    m_RemovedComponents: []
  m_ParentPrefab: {fileID: 100100000, guid: 18fc9ee94c63dbc478c3cd68aafae026, type: 2}
  m_IsPrefabParent: 0
--- !u!1001 &1948510542
Prefab:
  m_ObjectHideFlags: 0
  serializedVersion: 2
  m_Modification:
    m_TransformParent: {fileID: 0}
    m_Modifications:
    - target: {fileID: 4000012092313660, guid: 18fc9ee94c63dbc478c3cd68aafae026, type: 2}
      propertyPath: m_LocalPosition.x
      value: 14.37
      objectReference: {fileID: 0}
    - target: {fileID: 4000012092313660, guid: 18fc9ee94c63dbc478c3cd68aafae026, type: 2}
      propertyPath: m_LocalPosition.y
      value: 19.2
      objectReference: {fileID: 0}
    - target: {fileID: 4000012092313660, guid: 18fc9ee94c63dbc478c3cd68aafae026, type: 2}
      propertyPath: m_LocalPosition.z
      value: -20.36
      objectReference: {fileID: 0}
    - target: {fileID: 4000012092313660, guid: 18fc9ee94c63dbc478c3cd68aafae026, type: 2}
      propertyPath: m_LocalRotation.x
      value: 0
      objectReference: {fileID: 0}
    - target: {fileID: 4000012092313660, guid: 18fc9ee94c63dbc478c3cd68aafae026, type: 2}
      propertyPath: m_LocalRotation.y
      value: -0
      objectReference: {fileID: 0}
    - target: {fileID: 4000012092313660, guid: 18fc9ee94c63dbc478c3cd68aafae026, type: 2}
      propertyPath: m_LocalRotation.z
      value: -0
      objectReference: {fileID: 0}
    - target: {fileID: 4000012092313660, guid: 18fc9ee94c63dbc478c3cd68aafae026, type: 2}
      propertyPath: m_LocalRotation.w
      value: 1
      objectReference: {fileID: 0}
    - target: {fileID: 4000012092313660, guid: 18fc9ee94c63dbc478c3cd68aafae026, type: 2}
      propertyPath: m_RootOrder
      value: 26
      objectReference: {fileID: 0}
    - target: {fileID: 1000010974683320, guid: 18fc9ee94c63dbc478c3cd68aafae026, type: 2}
      propertyPath: m_Name
      value: Triangle (5)
      objectReference: {fileID: 0}
    m_RemovedComponents: []
  m_ParentPrefab: {fileID: 100100000, guid: 18fc9ee94c63dbc478c3cd68aafae026, type: 2}
  m_IsPrefabParent: 0
--- !u!1001 &1976920959
Prefab:
  m_ObjectHideFlags: 0
  serializedVersion: 2
  m_Modification:
    m_TransformParent: {fileID: 0}
    m_Modifications:
    - target: {fileID: 4000013840482514, guid: 151e057050f47244e83092151f6f292f, type: 2}
      propertyPath: m_LocalPosition.x
      value: 39.5
      objectReference: {fileID: 0}
    - target: {fileID: 4000013840482514, guid: 151e057050f47244e83092151f6f292f, type: 2}
      propertyPath: m_LocalPosition.y
      value: -10.5
      objectReference: {fileID: 0}
    - target: {fileID: 4000013840482514, guid: 151e057050f47244e83092151f6f292f, type: 2}
      propertyPath: m_LocalPosition.z
      value: -21.5
      objectReference: {fileID: 0}
    - target: {fileID: 4000013840482514, guid: 151e057050f47244e83092151f6f292f, type: 2}
      propertyPath: m_LocalRotation.x
      value: 0.41913757
      objectReference: {fileID: 0}
    - target: {fileID: 4000013840482514, guid: 151e057050f47244e83092151f6f292f, type: 2}
      propertyPath: m_LocalRotation.y
      value: 0.09347704
      objectReference: {fileID: 0}
    - target: {fileID: 4000013840482514, guid: 151e057050f47244e83092151f6f292f, type: 2}
      propertyPath: m_LocalRotation.z
      value: -0.18297027
      objectReference: {fileID: 0}
    - target: {fileID: 4000013840482514, guid: 151e057050f47244e83092151f6f292f, type: 2}
      propertyPath: m_LocalRotation.w
      value: 0.8843685
      objectReference: {fileID: 0}
    - target: {fileID: 4000013840482514, guid: 151e057050f47244e83092151f6f292f, type: 2}
      propertyPath: m_RootOrder
      value: 18
      objectReference: {fileID: 0}
    - target: {fileID: 4000013840482514, guid: 151e057050f47244e83092151f6f292f, type: 2}
      propertyPath: m_LocalScale.x
      value: 5.0479684
      objectReference: {fileID: 0}
    - target: {fileID: 4000013840482514, guid: 151e057050f47244e83092151f6f292f, type: 2}
      propertyPath: m_LocalScale.y
      value: 5.047969
      objectReference: {fileID: 0}
    - target: {fileID: 4000013840482514, guid: 151e057050f47244e83092151f6f292f, type: 2}
      propertyPath: m_LocalScale.z
      value: 5.047969
      objectReference: {fileID: 0}
    m_RemovedComponents: []
  m_ParentPrefab: {fileID: 100100000, guid: 151e057050f47244e83092151f6f292f, type: 2}
  m_IsPrefabParent: 0
--- !u!1001 &2021957956
Prefab:
  m_ObjectHideFlags: 0
  serializedVersion: 2
  m_Modification:
    m_TransformParent: {fileID: 0}
    m_Modifications:
    - target: {fileID: 4000012092313660, guid: 18fc9ee94c63dbc478c3cd68aafae026, type: 2}
      propertyPath: m_LocalPosition.x
      value: 1.54
      objectReference: {fileID: 0}
    - target: {fileID: 4000012092313660, guid: 18fc9ee94c63dbc478c3cd68aafae026, type: 2}
      propertyPath: m_LocalPosition.y
      value: 13.83
      objectReference: {fileID: 0}
    - target: {fileID: 4000012092313660, guid: 18fc9ee94c63dbc478c3cd68aafae026, type: 2}
      propertyPath: m_LocalPosition.z
      value: -15.44
      objectReference: {fileID: 0}
    - target: {fileID: 4000012092313660, guid: 18fc9ee94c63dbc478c3cd68aafae026, type: 2}
      propertyPath: m_LocalRotation.x
      value: -0
      objectReference: {fileID: 0}
    - target: {fileID: 4000012092313660, guid: 18fc9ee94c63dbc478c3cd68aafae026, type: 2}
      propertyPath: m_LocalRotation.y
      value: -0.6100877
      objectReference: {fileID: 0}
    - target: {fileID: 4000012092313660, guid: 18fc9ee94c63dbc478c3cd68aafae026, type: 2}
      propertyPath: m_LocalRotation.z
      value: -0
      objectReference: {fileID: 0}
    - target: {fileID: 4000012092313660, guid: 18fc9ee94c63dbc478c3cd68aafae026, type: 2}
      propertyPath: m_LocalRotation.w
      value: 0.79233396
      objectReference: {fileID: 0}
    - target: {fileID: 4000012092313660, guid: 18fc9ee94c63dbc478c3cd68aafae026, type: 2}
      propertyPath: m_RootOrder
      value: 29
      objectReference: {fileID: 0}
    - target: {fileID: 1000010974683320, guid: 18fc9ee94c63dbc478c3cd68aafae026, type: 2}
      propertyPath: m_Name
      value: Triangle (8)
      objectReference: {fileID: 0}
    - target: {fileID: 4000012092313660, guid: 18fc9ee94c63dbc478c3cd68aafae026, type: 2}
      propertyPath: m_LocalEulerAnglesHint.y
      value: -75.499
      objectReference: {fileID: 0}
    m_RemovedComponents: []
  m_ParentPrefab: {fileID: 100100000, guid: 18fc9ee94c63dbc478c3cd68aafae026, type: 2}
  m_IsPrefabParent: 0
--- !u!1 &2021957957 stripped
GameObject:
  m_PrefabParentObject: {fileID: 1000010974683320, guid: 18fc9ee94c63dbc478c3cd68aafae026,
    type: 2}
  m_PrefabInternal: {fileID: 2021957956}
--- !u!114 &2021957958
MonoBehaviour:
  m_ObjectHideFlags: 0
  m_PrefabParentObject: {fileID: 0}
  m_PrefabInternal: {fileID: 0}
  m_GameObject: {fileID: 2021957957}
  m_Enabled: 1
  m_EditorHideFlags: 0
  m_Script: {fileID: 11500000, guid: 2d2e91af356914a33ae0edffd4f92113, type: 3}
  m_Name: 
  m_EditorClassIdentifier: 
  platform: {fileID: 1000012799369498, guid: 41832ac3269722540ba92262d4687f41, type: 2}
--- !u!65 &2021957959
BoxCollider:
  m_ObjectHideFlags: 0
  m_PrefabParentObject: {fileID: 0}
  m_PrefabInternal: {fileID: 0}
  m_GameObject: {fileID: 2021957957}
  m_Material: {fileID: 0}
  m_IsTrigger: 1
  m_Enabled: 1
  serializedVersion: 2
  m_Size: {x: 2.241006, y: 2.1581824, z: 2.0942712}
  m_Center: {x: 0.028274596, y: 1.0416931, z: -0.04904902}
--- !u!1001 &2055408826
Prefab:
  m_ObjectHideFlags: 0
  serializedVersion: 2
  m_Modification:
    m_TransformParent: {fileID: 0}
    m_Modifications:
    - target: {fileID: 4000012092313660, guid: 18fc9ee94c63dbc478c3cd68aafae026, type: 2}
      propertyPath: m_LocalPosition.x
      value: 4.864
      objectReference: {fileID: 0}
    - target: {fileID: 4000012092313660, guid: 18fc9ee94c63dbc478c3cd68aafae026, type: 2}
      propertyPath: m_LocalPosition.y
      value: 2.05
      objectReference: {fileID: 0}
    - target: {fileID: 4000012092313660, guid: 18fc9ee94c63dbc478c3cd68aafae026, type: 2}
      propertyPath: m_LocalPosition.z
      value: 2.8
      objectReference: {fileID: 0}
    - target: {fileID: 4000012092313660, guid: 18fc9ee94c63dbc478c3cd68aafae026, type: 2}
      propertyPath: m_LocalRotation.x
      value: 0
      objectReference: {fileID: 0}
    - target: {fileID: 4000012092313660, guid: 18fc9ee94c63dbc478c3cd68aafae026, type: 2}
      propertyPath: m_LocalRotation.y
      value: -0
      objectReference: {fileID: 0}
    - target: {fileID: 4000012092313660, guid: 18fc9ee94c63dbc478c3cd68aafae026, type: 2}
      propertyPath: m_LocalRotation.z
      value: -0
      objectReference: {fileID: 0}
    - target: {fileID: 4000012092313660, guid: 18fc9ee94c63dbc478c3cd68aafae026, type: 2}
      propertyPath: m_LocalRotation.w
      value: 1
      objectReference: {fileID: 0}
    - target: {fileID: 4000012092313660, guid: 18fc9ee94c63dbc478c3cd68aafae026, type: 2}
      propertyPath: m_RootOrder
      value: 16
      objectReference: {fileID: 0}
    m_RemovedComponents: []
  m_ParentPrefab: {fileID: 100100000, guid: 18fc9ee94c63dbc478c3cd68aafae026, type: 2}
  m_IsPrefabParent: 0
